|j|☆ALEXDAMNGOOD
|j|☆PEU3
|t:|1740510066
|gametype|singles
|player|p1|ALEXDAMNGOOD|170|1481
|player|p2|PEU3|blackbelt|1451
|teamsize|p1|6
|teamsize|p2|6
|gen|7
|tier|[Gen 7] Random Battle
|rated|
|rule|Sleep Clause Mod: Limit one foe put to sleep
|rule|HP Percentage Mod: HP is shown in percentages
|rule|Illusion Level Mod: Illusion disguises the Pokémon's true level
|
|t:|1740510066
|start
|switch|p1a: Blissey|Blissey, L84, F|566/566
|switch|p2a: Slowking|Slowking, L89, F|314/314
|turn|1
|inactive|Battle timer is ON: inactive players will automatically lose when time's up. (requested by ALEXDAMNGOOD)
|
|t:|1740510092
|switch|p2a: Ursaring|Ursaring, L85, F|292/292
|move|p1a: Blissey|Toxic|p2a: Ursaring|[miss]
|-miss|p1a: Blissey|p2a: Ursaring
|
|-status|p2a: Ursaring|tox|[from] item: Toxic Orb
|upkeep
|turn|2
|
|t:|1740510099
|move|p2a: Ursaring|Swords Dance|p2a: Ursaring
|-boost|p2a: Ursaring|atk|2
|move|p1a: Blissey|Seismic Toss|p2a: Ursaring
|-damage|p2a: Ursaring|208/292 tox
|
|-damage|p2a: Ursaring|190/292 tox|[from] psn
|upkeep
|turn|3
|
|t:|1740510106
|move|p2a: Ursaring|Close Combat|p1a: Blissey
|-supereffective|p1a: Blissey
|-damage|p1a: Blissey|0 fnt
|-unboost|p2a: Ursaring|def|1
|-unboost|p2a: Ursaring|spd|1
|faint|p1a: Blissey
|
|-damage|p2a: Ursaring|154/292 tox|[from] psn
|upkeep
|
|t:|1740510125
|switch|p1a: Sableye|Sableye, L87, F|229/229
|turn|4
|
|t:|1740510148
|detailschange|p1a: Sableye|Sableye-Mega, L87, F
|-mega|p1a: Sableye|Sableye|Sablenite
|move|p2a: Ursaring|Crunch|p1a: Sableye
|-damage|p1a: Sableye|117/229
|move|p1a: Sableye|Recover|p1a: Sableye
|-heal|p1a: Sableye|229/229
|
|-damage|p2a: Ursaring|100/292 tox|[from] psn
|upkeep
|turn|5
|inactive|PEU3 has 120 seconds left.
|
|t:|1740510173
|switch|p2a: Sylveon|Sylveon, L85, M|300/300
|move|p1a: Sableye|Recover||[still]
|-fail|p1a: Sableye|heal
|
|upkeep
|turn|6
|
|t:|1740510184
|move|p2a: Sylveon|Hyper Voice|p1a: Sableye
|-supereffective|p1a: Sableye
|-damage|p1a: Sableye|23/229
|move|p1a: Sableye|Will-O-Wisp|p2a: Sylveon
|-status|p2a: Sylveon|brn
|
|-damage|p2a: Sylveon|282/300 brn|[from] brn
|upkeep
|turn|7
|
|t:|1740510196
|switch|p1a: Articuno|Articuno, L86|295/295
|-ability|p1a: Articuno|Pressure
|move|p2a: Sylveon|Hyper Voice|p1a: Articuno
|-damage|p1a: Articuno|195/295
|
|-heal|p1a: Articuno|213/295|[from] item: Leftovers
|-heal|p2a: Sylveon|300/300 brn|[from] item: Leftovers
|-damage|p2a: Sylveon|282/300 brn|[from] brn
|upkeep
|turn|8
|
|t:|1740510203
|move|p1a: Articuno|Freeze-Dry|p2a: Sylveon
|-damage|p2a: Sylveon|221/300 brn
|move|p2a: Sylveon|Wish|p2a: Sylveon
|
|-heal|p1a: Articuno|231/295|[from] item: Leftovers
|-heal|p2a: Sylveon|239/300 brn|[from] item: Leftovers
|-damage|p2a: Sylveon|221/300 brn|[from] brn
|upkeep
|turn|9
|
|t:|1740510218
|switch|p2a: Magnezone|Magnezone, L84|255/255
|move|p1a: Articuno|Freeze-Dry|p2a: Magnezone
|-resisted|p2a: Magnezone
|-damage|p2a: Magnezone|218/255
|
|-heal|p2a: Magnezone|255/255|[from] move: Wish|[wisher] Sylveon
|-heal|p1a: Articuno|249/295|[from] item: Leftovers
|upkeep
|turn|10
|
|t:|1740510228
|switch|p1a: Buzzwole|Buzzwole, L79|299/299
|move|p2a: Magnezone|Toxic|p1a: Buzzwole
|-status|p1a: Buzzwole|tox
|
|-damage|p1a: Buzzwole|281/299 tox|[from] psn
|upkeep
|turn|11
|
|t:|1740510232
|move|p2a: Magnezone|Protect|p2a: Magnezone
|-singleturn|p2a: Magnezone|Protect
|move|p1a: Buzzwole|Drain Punch|p2a: Magnezone
|-activate|p2a: Magnezone|move: Protect
|
|-heal|p1a: Buzzwole|299/299 tox|[from] item: Leftovers
|-damage|p1a: Buzzwole|263/299 tox|[from] psn
|upkeep
|turn|12
|inactive|PEU3 has 120 seconds left.
|
|t:|1740510263
|switch|p2a: Slowking|Slowking, L89, F|314/314
|move|p1a: Buzzwole|Drain Punch|p2a: Slowking
|-resisted|p2a: Slowking
|-damage|p2a: Slowking|268/314
|-heal|p1a: Buzzwole|286/299 tox|[from] drain|[of] p2a: Slowking
|
|-heal|p1a: Buzzwole|299/299 tox|[from] item: Leftovers
|-damage|p1a: Buzzwole|245/299 tox|[from] psn
|upkeep
|turn|13
|inactive|PEU3 has 120 seconds left.
|
|t:|1740510274
|switch|p1a: Articuno|Articuno, L86|249/295
|-ability|p1a: Articuno|Pressure
|move|p2a: Slowking|Scald|p1a: Articuno
|-damage|p1a: Articuno|174/295
|
|-heal|p1a: Articuno|192/295|[from] item: Leftovers
|upkeep
|turn|14
|
|t:|1740510283
|switch|p2a: Sylveon|Sylveon, L85, M|221/300 brn
|move|p1a: Articuno|Freeze-Dry|p2a: Sylveon
|-damage|p2a: Sylveon|164/300 brn
|
|-heal|p1a: Articuno|210/295|[from] item: Leftovers
|-heal|p2a: Sylveon|182/300 brn|[from] item: Leftovers
|-damage|p2a: Sylveon|164/300 brn|[from] brn
|upkeep
|turn|15
|
|t:|1740510290
|move|p1a: Articuno|Freeze-Dry|p2a: Sylveon
|-damage|p2a: Sylveon|110/300 brn
|move|p2a: Sylveon|Wish|p2a: Sylveon
|
|-heal|p1a: Articuno|228/295|[from] item: Leftovers
|-heal|p2a: Sylveon|128/300 brn|[from] item: Leftovers
|-damage|p2a: Sylveon|110/300 brn|[from] brn
|upkeep
|turn|16
|
|t:|1740510298
|switch|p1a: Huntail|Huntail, L84, F|230/230
|move|p2a: Sylveon|Hyper Voice|p1a: Huntail
|-damage|p1a: Huntail|83/230
|
|-heal|p2a: Sylveon|260/300 brn|[from] move: Wish|[wisher] Sylveon
|-heal|p2a: Sylveon|278/300 brn|[from] item: Leftovers
|-damage|p2a: Sylveon|260/300 brn|[from] brn
|upkeep
|turn|17
|
|t:|1740510304
|move|p2a: Sylveon|Hyper Voice|p1a: Huntail
|-damage|p1a: Huntail|0 fnt
|faint|p1a: Huntail
|
|-heal|p2a: Sylveon|278/300 brn|[from] item: Leftovers
|-damage|p2a: Sylveon|260/300 brn|[from] brn
|upkeep
|
|t:|1740510310
|switch|p1a: Mismagius|Mismagius, L87, F|246/246
|turn|18
|
|t:|1740510316
|move|p1a: Mismagius|Shadow Ball|p2a: Sylveon
|-damage|p2a: Sylveon|188/300 brn
|move|p2a: Sylveon|Hyper Voice|p1a: Mismagius
|-damage|p1a: Mismagius|131/246
|
|-heal|p1a: Mismagius|146/246|[from] item: Leftovers
|-heal|p2a: Sylveon|206/300 brn|[from] item: Leftovers
|-damage|p2a: Sylveon|188/300 brn|[from] brn
|upkeep
|turn|19
|
|t:|1740510322
|move|p1a: Mismagius|Shadow Ball|p2a: Sylveon
|-damage|p2a: Sylveon|119/300 brn
|move|p2a: Sylveon|Wish|p2a: Sylveon
|
|-heal|p1a: Mismagius|161/246|[from] item: Leftovers
|-heal|p2a: Sylveon|137/300 brn|[from] item: Leftovers
|-damage|p2a: Sylveon|119/300 brn|[from] brn
|upkeep
|turn|20
|
|t:|1740510327
|move|p1a: Mismagius|Shadow Ball|p2a: Sylveon
|-damage|p2a: Sylveon|44/300 brn
|move|p2a: Sylveon|Hyper Voice|p1a: Mismagius
|-damage|p1a: Mismagius|40/246
|
|-heal|p2a: Sylveon|194/300 brn|[from] move: Wish|[wisher] Sylveon
|-heal|p1a: Mismagius|55/246|[from] item: Leftovers
|-heal|p2a: Sylveon|212/300 brn|[from] item: Leftovers
|-damage|p2a: Sylveon|194/300 brn|[from] brn
|upkeep
|turn|21
|
|t:|1740510345
|move|p1a: Mismagius|Shadow Ball|p2a: Sylveon
|-damage|p2a: Sylveon|127/300 brn
|-unboost|p2a: Sylveon|spd|1
|move|p2a: Sylveon|Wish|p2a: Sylveon
|
|-heal|p1a: Mismagius|70/246|[from] item: Leftovers
|-heal|p2a: Sylveon|145/300 brn|[from] item: Leftovers
|-damage|p2a: Sylveon|127/300 brn|[from] brn
|upkeep
|turn|22
|
|t:|1740510352
|switch|p2a: Raticate|Raticate-Alola, L89, M|278/278
|move|p1a: Mismagius|Shadow Ball|p2a: Raticate
|-immune|p2a: Raticate
|
|-heal|p1a: Mismagius|85/246|[from] item: Leftovers
|upkeep
|turn|23
|
|t:|1740510359
|-activate|p1a: Mismagius|move: Pursuit
|move|p2a: Raticate|Pursuit|p1a: Mismagius|[from] Pursuit
|-supereffective|p1a: Mismagius
|-damage|p1a: Mismagius|0 fnt
|faint|p1a: Mismagius
|-hint|A Pokemon can't switch between when it runs out of HP and when it faints
|
|upkeep
|
|t:|1740510364
|switch|p1a: Buzzwole|Buzzwole, L79|245/299 tox
|turn|24
|
|t:|1740510374
|switch|p2a: Slowking|Slowking, L89, F|314/314
|move|p1a: Buzzwole|Leech Life|p2a: Slowking
|-supereffective|p2a: Slowking
|-damage|p2a: Slowking|122/314
|-heal|p1a: Buzzwole|299/299 tox|[from] drain|[of] p2a: Slowking
|
|-damage|p1a: Buzzwole|281/299 tox|[from] psn
|upkeep
|turn|25
|
|t:|1740510385
|switch|p2a: Togekiss|Togekiss, L82, M|274/274
|move|p1a: Buzzwole|Leech Life|p2a: Togekiss
|-resisted|p2a: Togekiss
|-damage|p2a: Togekiss|251/274
|-heal|p1a: Buzzwole|293/299 tox|[from] drain|[of] p2a: Togekiss
|
|-heal|p2a: Togekiss|268/274|[from] item: Leftovers
|-heal|p1a: Buzzwole|299/299 tox|[from] item: Leftovers
|-damage|p1a: Buzzwole|263/299 tox|[from] psn
|upkeep
|turn|26
|
|t:|1740510398
|switch|p1a: Articuno|Articuno, L86|228/295
|-ability|p1a: Articuno|Pressure
|move|p2a: Togekiss|Air Slash|p1a: Articuno
|-damage|p1a: Articuno|161/295
|
|-heal|p1a: Articuno|179/295|[from] item: Leftovers
|-heal|p2a: Togekiss|274/274|[from] item: Leftovers
|upkeep
|turn|27
|
|t:|1740510405
|move|p1a: Articuno|Freeze-Dry|p2a: Togekiss
|-supereffective|p2a: Togekiss
|-damage|p2a: Togekiss|152/274
|move|p2a: Togekiss|Thunder Wave|p1a: Articuno
|-status|p1a: Articuno|par
|
|-heal|p2a: Togekiss|169/274|[from] item: Leftovers
|-heal|p1a: Articuno|197/295 par|[from] item: Leftovers
|upkeep
|turn|28
|
|t:|1740510413
|move|p2a: Togekiss|Nasty Plot|p2a: Togekiss
|-boost|p2a: Togekiss|spa|2
|move|p1a: Articuno|Freeze-Dry|p2a: Togekiss
|-supereffective|p2a: Togekiss
|-damage|p2a: Togekiss|31/274
|
|-heal|p2a: Togekiss|48/274|[from] item: Leftovers
|-heal|p1a: Articuno|215/295 par|[from] item: Leftovers
|upkeep
|turn|29
|
|t:|1740510420
|move|p2a: Togekiss|Roost|p2a: Togekiss
|-heal|p2a: Togekiss|185/274
|-singleturn|p2a: Togekiss|move: Roost
|cant|p1a: Articuno|par
|
|-heal|p2a: Togekiss|202/274|[from] item: Leftovers
|-heal|p1a: Articuno|233/295 par|[from] item: Leftovers
|upkeep
|turn|30
|
|t:|1740510426
|move|p2a: Togekiss|Air Slash|p1a: Articuno
|-damage|p1a: Articuno|109/295 par
|cant|p1a: Articuno|flinch
|
|-heal|p2a: Togekiss|219/274|[from] item: Leftovers
|-heal|p1a: Articuno|127/295 par|[from] item: Leftovers
|upkeep
|turn|31
|
|t:|1740510433
|move|p2a: Togekiss|Air Slash|p1a: Articuno
|-damage|p1a: Articuno|0 fnt
|faint|p1a: Articuno
|
|-heal|p2a: Togekiss|236/274|[from] item: Leftovers
|upkeep
|
|t:|1740510436
|switch|p1a: Sableye|Sableye-Mega, L87, F|23/229
|turn|32
|c|☆PEU3|gg
|
|t:|1740510440
|move|p2a: Togekiss|Air Slash|p1a: Sableye
|-damage|p1a: Sableye|0 fnt
|faint|p1a: Sableye
|
|-heal|p2a: Togekiss|253/274|[from] item: Leftovers
|upkeep
|
|t:|1740510442
|switch|p1a: Buzzwole|Buzzwole, L79|263/299 tox
|turn|33
|
|t:|1740510447
|move|p2a: Togekiss|Air Slash|p1a: Buzzwole
|-supereffective|p1a: Buzzwole
|-damage|p1a: Buzzwole|0 fnt
|faint|p1a: Buzzwole
|
|win|PEU3
|raw|ALEXDAMNGOOD's rating: 1481 &rarr; <strong>1459</strong><br />(-22 for losing)
|raw|PEU3's rating: 1451 &rarr; <strong>1473</strong><br />(+22 for winning)
|l|☆ALEXDAMNGOOD
|player|p1|
