|j|☆krisbaka1
|j|☆Razeta
|t:|1740510036
|gametype|doubles
|player|p1|krisbaka1|rancher|1130
|player|p2|Razeta|169|1177
|teamsize|p1|6
|teamsize|p2|6
|gen|9
|tier|[Gen 9] VGC 2025 Reg G
|rated|
|rule|Species Clause: Limit one of each Pokémon
|rule|Item Clause: Limit 1 of each item
|clearpoke
|poke|p1|Calyrex-Ice, L50|
|poke|p1|Sentret, L50, M|
|poke|p1|Indeedee-F, L50, F|
|poke|p1|Farigiraf, L50, M|
|poke|p1|Ursaluna-Bloodmoon, L50, M|
|poke|p1|Copperajah, L50, F|
|poke|p2|Miraidon, L50|
|poke|p2|Whimsicott, L50, M|
|poke|p2|Urshifu-*, L50, M|
|poke|p2|Ogerpon-Hearthflame, L50, F|
|poke|p2|Farigiraf, L50, M|
|poke|p2|Iron Hands, L50|
|teampreview|4
|inactive|Battle timer is ON: inactive players will automatically lose when time's up. (requested by krisbaka1)
|
|t:|1740510082
|start
|switch|p1a: Indeedee|Indeedee-F, L50, F|100/100
|switch|p1b: Calyrex|Calyrex-Ice, L50|100/100
|switch|p2a: Miraidon|Miraidon, L50|100/100
|switch|p2b: Iron Hands|Iron Hands, L50|100/100
|-ability|p1b: Calyrex|As One
|-ability|p1b: Calyrex|Unnerve
|-fieldstart|move: Electric Terrain|[from] ability: Hadron Engine|[of] p2a: Miraidon
|-activate|p2b: Iron Hands|ability: Quark Drive
|-start|p2b: Iron Hands|quarkdriveatk
|-fieldstart|move: Psychic Terrain|[from] ability: Psychic Surge|[of] p1a: Indeedee
|-enditem|p1a: Indeedee|Psychic Seed
|-boost|p1a: Indeedee|spd|1|[from] item: Psychic Seed
|-end|p2b: Iron Hands|Quark Drive
|turn|1
|
|t:|1740510100
|move|p2a: Miraidon|Volt Switch|p1a: Indeedee
|-damage|p1a: Indeedee|60/100
|
|t:|1740510104
|switch|p2a: Ogerpon|Ogerpon-Hearthflame, L50, F|100/100|[from] Volt Switch
|-ability|p2a: Ogerpon|Mold Breaker
|move|p1a: Indeedee|Dazzling Gleam|p2b: Iron Hands|[spread] p2a,p2b
|-resisted|p2a: Ogerpon
|-supereffective|p2b: Iron Hands
|-damage|p2a: Ogerpon|94/100
|-damage|p2b: Iron Hands|86/100
|move|p2b: Iron Hands|Wild Charge|p1b: Calyrex
|-damage|p1b: Calyrex|69/100
|-damage|p2b: Iron Hands|80/100|[from] Recoil
|move|p1b: Calyrex|Trick Room|p1b: Calyrex
|-fieldstart|move: Trick Room|[of] p1b: Calyrex
|
|upkeep
|turn|2
|inactive|krisbaka1 has 30 seconds left.
|
|t:|1740510130
|move|p1a: Indeedee|Helping Hand|p1b: Calyrex
|-singleturn|p1b: Calyrex|Helping Hand|[of] p1a: Indeedee
|move|p2b: Iron Hands|Low Kick|p1b: Calyrex
|-damage|p1b: Calyrex|24/100
|move|p1b: Calyrex|Glacial Lance|p2b: Iron Hands|[spread] p2a,p2b
|-damage|p2a: Ogerpon|0 fnt
|-damage|p2b: Iron Hands|18/100
|faint|p2a: Ogerpon
|-ability|p1b: Calyrex|Chilling Neigh|boost
|-boost|p1b: Calyrex|atk|1
|
|upkeep
|
|t:|1740510140
|switch|p2a: Urshifu|Urshifu-Rapid-Strike, L50, M|100/100
|turn|3
|
|t:|1740510149
|move|p1a: Indeedee|Helping Hand|p1b: Calyrex
|-singleturn|p1b: Calyrex|Helping Hand|[of] p1a: Indeedee
|move|p2a: Urshifu|Aqua Jet|p1b: Calyrex
|-activate|p1b: Calyrex|move: Psychic Terrain
|move|p2b: Iron Hands|Low Kick|p1b: Calyrex
|-damage|p1b: Calyrex|0 fnt
|faint|p1b: Calyrex
|
|upkeep
|
|t:|1740510156
|switch|p1b: Ursaluna|Ursaluna-Bloodmoon, L50, M|100/100
|turn|4
|
|t:|1740510166
|-terastallize|p1b: Ursaluna|Ghost
|move|p1a: Indeedee|Helping Hand|p1b: Ursaluna
|-singleturn|p1b: Ursaluna|Helping Hand|[of] p1a: Indeedee
|move|p2a: Urshifu|Protect|p2a: Urshifu
|-singleturn|p2a: Urshifu|Protect
|move|p2b: Iron Hands|Drain Punch|p1b: Ursaluna
|-immune|p1b: Ursaluna
|move|p1b: Ursaluna|Hyper Voice|p2a: Urshifu|[spread] p2b
|-activate|p2a: Urshifu|move: Protect
|-damage|p2b: Iron Hands|0 fnt
|faint|p2b: Iron Hands
|-end|p2b: Iron Hands|Quark Drive|[silent]
|-damage|p1b: Ursaluna|90/100|[from] item: Life Orb
|
|upkeep
|
|t:|1740510178
|switch|p2b: Miraidon|Miraidon, L50|100/100
|-fieldstart|move: Electric Terrain|[from] ability: Hadron Engine|[of] p2b: Miraidon
|turn|5
|
|t:|1740510197
|switch|p1a: Sentret|Sentret, L50, M|100/100
|-terastallize|p2a: Urshifu|Stellar
|move|p1b: Ursaluna|Blood Moon|p2b: Miraidon
|-damage|p2b: Miraidon|3/100
|-damage|p1b: Ursaluna|80/100|[from] item: Life Orb
|move|p2a: Urshifu|Surging Strikes|p1b: Ursaluna
|-crit|p1b: Ursaluna
|-damage|p1b: Ursaluna|60/100
|-crit|p1b: Ursaluna
|-damage|p1b: Ursaluna|40/100
|-crit|p1b: Ursaluna
|-damage|p1b: Ursaluna|18/100
|-hitcount|p1b: Ursaluna|3
|move|p2b: Miraidon|Electro Drift|p1a: Sentret
|-enditem|p1a: Sentret|Focus Sash
|-damage|p1a: Sentret|1/100
|
|-fieldend|move: Trick Room
|upkeep
|turn|6
|inactive|krisbaka1 has 30 seconds left.
|inactive|Razeta has 30 seconds left.
|
|t:|1740510226
|move|p1b: Ursaluna|Protect|p1b: Ursaluna
|-singleturn|p1b: Ursaluna|Protect
|move|p1a: Sentret|Quick Attack|p2b: Miraidon
|-damage|p2b: Miraidon|0 fnt
|faint|p2b: Miraidon
|move|p2a: Urshifu|Surging Strikes|p1b: Ursaluna
|-crit|p1b: Ursaluna
|-damage|p1b: Ursaluna|3/100
|-crit|p1b: Ursaluna
|-damage|p1b: Ursaluna|0 fnt
|faint|p1b: Ursaluna
|-hitcount|p1: Ursaluna|2
|
|upkeep
|
|t:|1740510233
|switch|p1b: Indeedee|Indeedee-F, L50, F|60/100
|-fieldstart|move: Psychic Terrain|[from] ability: Psychic Surge|[of] p1b: Indeedee
|turn|7
|
|t:|1740510240
|move|p2a: Urshifu|Aqua Jet|p1a: Sentret
|-activate|p1a: Sentret|move: Psychic Terrain
|move|p1b: Indeedee|Dazzling Gleam|p2a: Urshifu
|-supereffective|p2a: Urshifu
|-damage|p2a: Urshifu|47/100
|move|p1a: Sentret|Endeavor|p2a: Urshifu
|-damage|p2a: Urshifu|1/100
|
|upkeep
|turn|8
|
|t:|1740510249
|move|p1a: Sentret|Follow Me|p1a: Sentret
|-singleturn|p1a: Sentret|move: Follow Me
|move|p2a: Urshifu|Surging Strikes|p1a: Sentret
|-crit|p1a: Sentret
|-damage|p1a: Sentret|0 fnt
|faint|p1a: Sentret
|-hitcount|p1: Sentret|1
|move|p1b: Indeedee|Dazzling Gleam|p2a: Urshifu
|-supereffective|p2a: Urshifu
|-damage|p2a: Urshifu|0 fnt
|faint|p2a: Urshifu
|
|win|krisbaka1
|raw|krisbaka1's rating: 1130 &rarr; <strong>1158</strong><br />(+28 for winning)
|raw|Razeta's rating: 1177 &rarr; <strong>1149</strong><br />(-28 for losing)
|l|☆Razeta
|player|p2|
