|html|<div class="broadcast-blue"><strong>[Gen 9] National Dex is currently suspecting Dragapult! For information on how to participate check out the <a href="https://www.smogon.com/forums/threads/sv-national-dex-suspect-18-nocturne.3760498/#post-10453575">suspect thread</a>.</strong></div>
|j|☆Dhnshxjsjx
|j|☆boborsomethingidk
|t:|1740509989
|gametype|singles
|player|p1|Dhnshxjsjx|266|1166
|player|p2|boborsomethingidk|pokemonranger-gen4|1213
|teamsize|p1|6
|teamsize|p2|6
|gen|9
|tier|[Gen 9] National Dex
|rated|
|rule|HP Percentage Mod: HP is shown in percentages
|rule|Endless Battle Clause: Forcing endless battles is banned
|rule|OHKO Clause: OHKO moves are banned
|rule|Evasion Clause: Evasion abilities, items, and moves are banned
|rule|Evasion Abilities Clause: Evasion abilities are banned
|rule|Evasion Items Clause: Evasion items are banned
|rule|Evasion Moves Clause: Evasion moves are banned
|rule|Species Clause: Limit one of each Pokémon
|rule|Sleep Clause Mod: Limit one foe put to sleep
|rule|Terastal Clause: You cannot Terastallize
|clearpoke
|poke|p1|Charizard, F|
|poke|p1|Venusaur, M|
|poke|p1|Victini|
|poke|p1|Volcanion|
|poke|p1|Hitmontop, M|
|poke|p1|Raging Bolt|
|poke|p2|Araquanid, M|
|poke|p2|Azumarill, M|
|poke|p2|Manaphy|
|poke|p2|Urshifu-*, F|
|poke|p2|Swampert, F|
|poke|p2|Gyarados, F|
|teampreview
|
|t:|1740510003
|start
|switch|p1a: Charizard|Charizard, F|100/100
|switch|p2a: Big Ol' Bug|Araquanid, M|100/100
|turn|1
|
|t:|1740510014
|detailschange|p1a: Charizard|Charizard-Mega-Y, F
|-mega|p1a: Charizard|Charizard|Charizardite Y
|-weather|SunnyDay|[from] ability: Drought|[of] p1a: Charizard
|move|p1a: Charizard|Flamethrower|p2a: Big Ol' Bug
|-damage|p2a: Big Ol' Bug|66/100
|move|p2a: Big Ol' Bug|Sticky Web|p1a: Charizard
|-sidestart|p1: Dhnshxjsjx|move: Sticky Web
|
|-weather|SunnyDay|[upkeep]
|upkeep
|turn|2
|
|t:|1740510023
|move|p1a: Charizard|Solar Beam||[still]
|-prepare|p1a: Charizard|Solar Beam
|-anim|p1a: Charizard|Solar Beam|p2a: Big Ol' Bug
|-damage|p2a: Big Ol' Bug|24/100
|move|p2a: Big Ol' Bug|Liquidation|p1a: Charizard
|-supereffective|p1a: Charizard
|-damage|p1a: Charizard|6/100
|
|-weather|SunnyDay|[upkeep]
|upkeep
|turn|3
|
|t:|1740510038
|move|p1a: Charizard|Solar Beam||[still]
|-prepare|p1a: Charizard|Solar Beam
|-anim|p1a: Charizard|Solar Beam|p2a: Big Ol' Bug
|-damage|p2a: Big Ol' Bug|0 fnt
|faint|p2a: Big Ol' Bug
|
|-weather|SunnyDay|[upkeep]
|upkeep
|
|t:|1740510048
|switch|p2a: ANGRY FEESH|Gyarados, F|100/100
|-ability|p2a: ANGRY FEESH|Intimidate|boost
|-unboost|p1a: Charizard|atk|1
|turn|4
|
|t:|1740510055
|switch|p1a: Hitmontop|Hitmontop, M|100/100
|-activate|p1a: Hitmontop|move: Sticky Web
|-unboost|p1a: Hitmontop|spe|1
|-ability|p1a: Hitmontop|Intimidate|boost
|-unboost|p2a: ANGRY FEESH|atk|1
|move|p2a: ANGRY FEESH|Dragon Dance|p2a: ANGRY FEESH
|-boost|p2a: ANGRY FEESH|atk|1
|-boost|p2a: ANGRY FEESH|spe|1
|
|-weather|SunnyDay|[upkeep]
|upkeep
|turn|5
|
|t:|1740510065
|move|p1a: Hitmontop|Fake Out|p2a: ANGRY FEESH
|-damage|p2a: ANGRY FEESH|86/100
|cant|p2a: ANGRY FEESH|flinch
|
|-weather|none
|upkeep
|turn|6
|
|t:|1740510068
|move|p2a: ANGRY FEESH|Dragon Dance|p2a: ANGRY FEESH
|-boost|p2a: ANGRY FEESH|atk|1
|-boost|p2a: ANGRY FEESH|spe|1
|move|p1a: Hitmontop|Rapid Spin|p2a: ANGRY FEESH
|-damage|p2a: ANGRY FEESH|68/100
|-boost|p1a: Hitmontop|spe|1
|-sideend|p1: Dhnshxjsjx|Sticky Web|[from] move: Rapid Spin|[of] p1a: Hitmontop
|
|upkeep
|turn|7
|
|t:|1740510076
|detailschange|p2a: ANGRY FEESH|Gyarados-Mega, F
|-mega|p2a: ANGRY FEESH|Gyarados|Gyaradosite
|-ability|p2a: ANGRY FEESH|Mold Breaker
|move|p2a: ANGRY FEESH|Waterfall|p1a: Hitmontop
|-damage|p1a: Hitmontop|0 fnt
|faint|p1a: Hitmontop
|
|upkeep
|
|t:|1740510088
|switch|p1a: Raging Bolt|Raging Bolt|100/100
|turn|8
|
|t:|1740510094
|move|p1a: Raging Bolt|Thunderclap|p2a: ANGRY FEESH
|-supereffective|p2a: ANGRY FEESH
|-damage|p2a: ANGRY FEESH|0 fnt
|faint|p2a: ANGRY FEESH
|
|upkeep
|
|t:|1740510097
|switch|p2a: Bigger Feesh|Swampert, F|100/100
|turn|9
|
|t:|1740510102
|-end|p1a: Raging Bolt|Protosynthesis|[silent]
|switch|p1a: Charizard|Charizard-Mega-Y, F|6/100
|-weather|SunnyDay|[from] ability: Drought|[of] p1a: Charizard
|move|p2a: Bigger Feesh|Stealth Rock|p1a: Charizard
|-sidestart|p1: Dhnshxjsjx|move: Stealth Rock
|
|-weather|SunnyDay|[upkeep]
|upkeep
|turn|10
|
|t:|1740510107
|switch|p2a: Thirsty|Azumarill, M|100/100
|move|p1a: Charizard|Solar Beam||[still]
|-prepare|p1a: Charizard|Solar Beam
|-anim|p1a: Charizard|Solar Beam|p2a: Thirsty
|-ability|p2a: Thirsty|Sap Sipper|boost
|-boost|p2a: Thirsty|atk|1
|
|-weather|SunnyDay|[upkeep]
|upkeep
|turn|11
|
|t:|1740510113
|move|p1a: Charizard|Roost|p1a: Charizard
|-heal|p1a: Charizard|56/100
|-singleturn|p1a: Charizard|move: Roost
|move|p2a: Thirsty|Ice Spinner|p1a: Charizard
|-resisted|p1a: Charizard
|-damage|p1a: Charizard|31/100
|
|-weather|SunnyDay|[upkeep]
|upkeep
|turn|12
|
|t:|1740510119
|switch|p2a: WOP WOP WOP|Urshifu-Rapid-Strike, F|100/100
|move|p1a: Charizard|Scorching Sands|p2a: WOP WOP WOP
|-damage|p2a: WOP WOP WOP|57/100
|
|-weather|SunnyDay|[upkeep]
|upkeep
|turn|13
|
|t:|1740510121
|move|p2a: WOP WOP WOP|Surging Strikes|p1a: Charizard
|-supereffective|p1a: Charizard
|-crit|p1a: Charizard
|-damage|p1a: Charizard|4/100
|-supereffective|p1a: Charizard
|-crit|p1a: Charizard
|-damage|p1a: Charizard|0 fnt
|faint|p1a: Charizard
|-hitcount|p1: Charizard|2
|
|-weather|none
|upkeep
|
|t:|1740510129
|switch|p1a: Raging Bolt|Raging Bolt|100/100
|-damage|p1a: Raging Bolt|88/100|[from] Stealth Rock
|turn|14
|
|t:|1740510134
|switch|p2a: Bigger Feesh|Swampert, F|100/100
|move|p1a: Raging Bolt|Draco Meteor|p2a: Bigger Feesh
|-damage|p2a: Bigger Feesh|26/100
|-unboost|p1a: Raging Bolt|spa|2
|
|-heal|p1a: Raging Bolt|94/100|[from] item: Leftovers
|-heal|p2a: Bigger Feesh|32/100|[from] item: Leftovers
|upkeep
|turn|15
|
|t:|1740510150
|-end|p1a: Raging Bolt|Protosynthesis|[silent]
|switch|p1a: Venusaur|Venusaur, M|100/100
|-damage|p1a: Venusaur|88/100|[from] Stealth Rock
|move|p2a: Bigger Feesh|Earthquake|p1a: Venusaur
|-damage|p1a: Venusaur|18/100
|
|-heal|p2a: Bigger Feesh|38/100|[from] item: Leftovers
|upkeep
|turn|16
|
|t:|1740510159
|switch|p2a: Thirsty|Azumarill, M|100/100
|move|p1a: Venusaur|Sludge Bomb|p2a: Thirsty
|-supereffective|p2a: Thirsty
|-crit|p2a: Thirsty
|-damage|p2a: Thirsty|0 fnt
|faint|p2a: Thirsty
|-damage|p1a: Venusaur|8/100|[from] item: Life Orb
|
|upkeep
|
|t:|1740510161
|switch|p2a: WOP WOP WOP|Urshifu-Rapid-Strike, F|57/100
|turn|17
|
|t:|1740510167
|move|p2a: WOP WOP WOP|Surging Strikes|p1a: Venusaur
|-resisted|p1a: Venusaur
|-crit|p1a: Venusaur
|-damage|p1a: Venusaur|0 fnt
|faint|p1a: Venusaur
|-hitcount|p1: Venusaur|1
|
|upkeep
|
|t:|1740510177
|switch|p1a: Victini|Victini|100/100
|-damage|p1a: Victini|76/100|[from] Stealth Rock
|turn|18
|
|t:|1740510184
|switch|p2a: Bigger Feesh|Swampert, F|38/100
|move|p1a: Victini|Zen Headbutt|p2a: Bigger Feesh
|-damage|p2a: Bigger Feesh|0 fnt
|faint|p2a: Bigger Feesh
|
|upkeep
|
|t:|1740510188
|switch|p2a: WOP WOP WOP|Urshifu-Rapid-Strike, F|57/100
|turn|19
|
|t:|1740510190
|move|p2a: WOP WOP WOP|Surging Strikes|p1a: Victini
|-supereffective|p1a: Victini
|-crit|p1a: Victini
|-damage|p1a: Victini|37/100
|-supereffective|p1a: Victini
|-crit|p1a: Victini
|-damage|p1a: Victini|0 fnt
|faint|p1a: Victini
|-hitcount|p1: Victini|2
|
|upkeep
|
|t:|1740510198
|switch|p1a: Volcanion|Volcanion|100/100
|-damage|p1a: Volcanion|76/100|[from] Stealth Rock
|turn|20
|
|t:|1740510203
|switch|p2a: Gimmie Them Stats|Manaphy|100/100
|move|p1a: Volcanion|Earth Power|p2a: Gimmie Them Stats
|-damage|p2a: Gimmie Them Stats|66/100
|
|upkeep
|turn|21
|
|t:|1740510211
|move|p2a: Gimmie Them Stats|Tail Glow|p2a: Gimmie Them Stats
|-boost|p2a: Gimmie Them Stats|spa|3
|move|p1a: Volcanion|Earth Power|p2a: Gimmie Them Stats
|-damage|p2a: Gimmie Them Stats|32/100
|-unboost|p2a: Gimmie Them Stats|spd|1
|
|upkeep
|turn|22
|
|t:|1740510214
|move|p2a: Gimmie Them Stats|Ice Beam|p1a: Volcanion
|-resisted|p1a: Volcanion
|-damage|p1a: Volcanion|65/100
|move|p1a: Volcanion|Earth Power|p2a: Gimmie Them Stats
|-damage|p2a: Gimmie Them Stats|0 fnt
|faint|p2a: Gimmie Them Stats
|
|upkeep
|
|t:|1740510216
|switch|p2a: WOP WOP WOP|Urshifu-Rapid-Strike, F|57/100
|turn|23
|
|t:|1740510221
|move|p2a: WOP WOP WOP|Close Combat|p1a: Volcanion
|-damage|p1a: Volcanion|14/100
|-unboost|p2a: WOP WOP WOP|def|1
|-unboost|p2a: WOP WOP WOP|spd|1
|move|p1a: Volcanion|Sludge Wave|p2a: WOP WOP WOP
|-damage|p2a: WOP WOP WOP|0 fnt
|faint|p2a: WOP WOP WOP
|
|win|Dhnshxjsjx
|raw|Dhnshxjsjx's rating: 1166 &rarr; <strong>1194</strong><br />(+28 for winning)
|raw|boborsomethingidk's rating: 1213 &rarr; <strong>1185</strong><br />(-28 for losing)
|l|☆boborsomethingidk
|player|p2|
|l|☆Dhnshxjsjx
|player|p1|
