|html|<div class="broadcast-blue"><strong>[Gen 9] UU is currently suspecting Quaquaval! For information on how to participate check out the <a href="https://www.smogon.com/forums/threads/sv-uu-suspect-process-round-13-the-duck-song.3760500/">suspect thread</a>.</strong></div>
|j|☆Ilagan
|j|☆BoojumBaller2
|t:|1740509695
|gametype|singles
|player|p1|Ilagan|101|1251
|player|p2|BoojumBaller2|hoopster|1333
|teamsize|p1|6
|teamsize|p2|6
|gen|9
|tier|[Gen 9] UU
|rated|
|rule|Species Clause: Limit one of each Pokémon
|rule|OHKO Clause: OHKO moves are banned
|rule|Evasion Items Clause: Evasion items are banned
|rule|Evasion Moves Clause: Evasion moves are banned
|rule|Endless Battle Clause: Forcing endless battles is banned
|rule|HP Percentage Mod: HP is shown in percentages
|rule|Sleep Moves Clause: Sleep-inducing moves are banned
|clearpoke
|poke|p1|Blastoise, M|
|poke|p1|Haxorus, F|
|poke|p1|Gengar, F|
|poke|p1|Talonflame, F|
|poke|p1|Raikou|
|poke|p1|Heatran, F|
|poke|p2|Weavile, M|
|poke|p2|Hydrapple, M|
|poke|p2|Metagross|
|poke|p2|Fezandipiti, M|
|poke|p2|Mandibuzz, F|
|poke|p2|Hydreigon, M|
|teampreview
|inactive|Battle timer is ON: inactive players will automatically lose when time's up. (requested by Ilagan)
|
|t:|1740509711
|start
|switch|p1a: Raikou|Raikou, shiny|100/100
|switch|p2a: Roadrage|Hydreigon, M|100/100
|-ability|p1a: Raikou|Pressure
|turn|1
|
|t:|1740509717
|move|p1a: Raikou|Aura Sphere|p2a: Roadrage
|-supereffective|p2a: Roadrage
|-damage|p2a: Roadrage|33/100
|move|p2a: Roadrage|Dark Pulse|p1a: Raikou
|-damage|p1a: Raikou|55/100
|
|-heal|p2a: Roadrage|39/100|[from] item: Leftovers
|upkeep
|turn|2
|
|t:|1740509727
|switch|p2a: Stuffing|Fezandipiti, M|100/100
|move|p1a: Raikou|Aura Sphere|p2a: Stuffing
|-resisted|p2a: Stuffing
|-damage|p2a: Stuffing|97/100
|
|upkeep
|turn|3
|
|t:|1740509753
|switch|p1a: Gengar|Gengar, F, shiny|100/100
|move|p2a: Stuffing|U-turn|p1a: Gengar
|-resisted|p1a: Gengar
|-damage|p1a: Gengar|93/100
|
|t:|1740509758
|switch|p2a: Driveby|Weavile, M|100/100|[from] U-turn
|-ability|p2a: Driveby|Pressure
|
|upkeep
|turn|4
|
|t:|1740509765
|switch|p1a: Blastoise|Blastoise, M, shiny|100/100
|move|p2a: Driveby|Knock Off|p1a: Blastoise
|-damage|p1a: Blastoise|56/100
|-enditem|p1a: Blastoise|White Herb|[from] move: Knock Off|[of] p2a: Driveby
|
|upkeep
|turn|5
|
|t:|1740509771
|switch|p2a: Stuffing|Fezandipiti, M|97/100
|move|p1a: Blastoise|Brick Break|p2a: Stuffing
|-resisted|p2a: Stuffing
|-damage|p2a: Stuffing|92/100
|
|upkeep
|turn|6
|
|t:|1740509777
|switch|p1a: Talonflame|Talonflame, F, shiny|100/100
|move|p2a: Stuffing|U-turn|p1a: Talonflame
|-resisted|p1a: Talonflame
|-damage|p1a: Talonflame|95/100
|
|t:|1740509786
|switch|p2a: Roadrage|Hydreigon, M|39/100|[from] U-turn
|
|-heal|p2a: Roadrage|45/100|[from] item: Leftovers
|upkeep
|turn|7
|
|t:|1740509792
|move|p1a: Talonflame|Dual Wingbeat|p2a: Roadrage
|-damage|p2a: Roadrage|27/100
|-damage|p2a: Roadrage|11/100
|-hitcount|p2a: Roadrage|2
|move|p2a: Roadrage|Dark Pulse|p1a: Talonflame
|-damage|p1a: Talonflame|28/100
|
|-heal|p2a: Roadrage|17/100|[from] item: Leftovers
|upkeep
|turn|8
|
|t:|1740509802
|switch|p2a: Bonezi|Mandibuzz, F|100/100
|move|p1a: Talonflame|Dual Wingbeat|p2a: Bonezi
|-damage|p2a: Bonezi|93/100
|-damage|p2a: Bonezi|85/100
|-hitcount|p2a: Bonezi|2
|
|upkeep
|turn|9
|
|t:|1740509809
|switch|p1a: Gengar|Gengar, F, shiny|93/100
|move|p2a: Bonezi|Foul Play|p1a: Gengar
|-supereffective|p1a: Gengar
|-damage|p1a: Gengar|31/100
|
|upkeep
|turn|10
|
|t:|1740509817
|switch|p2a: Stuffing|Fezandipiti, M|92/100
|move|p1a: Gengar|Sludge Bomb|p2a: Stuffing
|-damage|p2a: Stuffing|56/100
|
|upkeep
|turn|11
|
|t:|1740509823
|switch|p1a: Talonflame|Talonflame, F, shiny|28/100
|move|p2a: Stuffing|U-turn|p1a: Talonflame
|-resisted|p1a: Talonflame
|-damage|p1a: Talonflame|22/100
|
|t:|1740509828
|switch|p2a: Driveby|Weavile, M|100/100|[from] U-turn
|-ability|p2a: Driveby|Pressure
|
|upkeep
|turn|12
|
|t:|1740509838
|move|p2a: Driveby|Ice Shard|p1a: Talonflame
|-damage|p1a: Talonflame|0 fnt
|faint|p1a: Talonflame
|
|upkeep
|
|t:|1740509848
|switch|p1a: Heatran|Heatran, F, shiny|100/100
|-item|p1a: Heatran|Air Balloon
|turn|13
|
|t:|1740509852
|switch|p2a: Applecrisp|Hydrapple, M|100/100
|move|p1a: Heatran|Lava Plume|p2a: Applecrisp
|-damage|p2a: Applecrisp|73/100
|-status|p2a: Applecrisp|brn
|
|-damage|p2a: Applecrisp|67/100 brn|[from] brn
|upkeep
|turn|14
|
|t:|1740509861
|-terastallize|p1a: Heatran|Flying
|move|p1a: Heatran|Tera Blast|p2a: Applecrisp|[anim] Tera Blast Flying
|-supereffective|p2a: Applecrisp
|-damage|p2a: Applecrisp|13/100 brn
|move|p2a: Applecrisp|Fickle Beam|p1a: Heatran
|-damage|p1a: Heatran|62/100
|-enditem|p1a: Heatran|Air Balloon
|
|-damage|p2a: Applecrisp|6/100 brn|[from] brn
|upkeep
|turn|15
|
|t:|1740509875
|switch|p2a: Stuffing|Fezandipiti, M|56/100
|move|p1a: Heatran|Lava Plume|p2a: Stuffing
|-damage|p2a: Stuffing|30/100
|-status|p2a: Stuffing|brn
|
|-damage|p2a: Stuffing|24/100 brn|[from] brn
|upkeep
|turn|16
|
|t:|1740509886
|move|p2a: Stuffing|U-turn|p1a: Heatran
|-resisted|p1a: Heatran
|-damage|p1a: Heatran|60/100
|
|t:|1740509889
|switch|p2a: Roadrage|Hydreigon, M|17/100|[from] U-turn
|move|p1a: Heatran|Lava Plume|p2a: Roadrage
|-resisted|p2a: Roadrage
|-damage|p2a: Roadrage|0 fnt
|faint|p2a: Roadrage
|
|upkeep
|
|t:|1740509892
|switch|p2a: Driveby|Weavile, M|100/100
|-ability|p2a: Driveby|Pressure
|turn|17
|
|t:|1740509900
|switch|p1a: Blastoise|Blastoise, M, shiny|56/100
|move|p2a: Driveby|Triple Axel|p1a: Blastoise|[miss]
|-miss|p2a: Driveby|p1a: Blastoise
|
|upkeep
|turn|18
|
|t:|1740509907
|switch|p2a: Bonezi|Mandibuzz, F|85/100
|move|p1a: Blastoise|Brick Break|p2a: Bonezi
|-damage|p2a: Bonezi|74/100
|
|upkeep
|turn|19
|
|t:|1740509914
|move|p1a: Blastoise|Ice Spinner|p2a: Bonezi
|-supereffective|p2a: Bonezi
|-damage|p2a: Bonezi|54/100
|move|p2a: Bonezi|Foul Play|p1a: Blastoise
|-damage|p1a: Blastoise|29/100
|
|upkeep
|turn|20
|
|t:|1740509924
|move|p1a: Blastoise|Ice Spinner|p2a: Bonezi
|-supereffective|p2a: Bonezi
|-damage|p2a: Bonezi|31/100
|move|p2a: Bonezi|Roost|p2a: Bonezi
|-heal|p2a: Bonezi|81/100
|-singleturn|p2a: Bonezi|move: Roost
|
|upkeep
|turn|21
|
|t:|1740509938
|move|p1a: Blastoise|Ice Spinner|p2a: Bonezi
|-supereffective|p2a: Bonezi
|-damage|p2a: Bonezi|59/100
|move|p2a: Bonezi|Foul Play|p1a: Blastoise
|-damage|p1a: Blastoise|2/100
|
|upkeep
|turn|22
|
|t:|1740509944
|move|p1a: Blastoise|Ice Spinner|p2a: Bonezi
|-supereffective|p2a: Bonezi
|-damage|p2a: Bonezi|40/100
|move|p2a: Bonezi|Roost|p2a: Bonezi
|-heal|p2a: Bonezi|90/100
|-singleturn|p2a: Bonezi|move: Roost
|
|upkeep
|turn|23
|
|t:|1740509951
|switch|p2a: Professor X|Metagross, shiny|100/100
|move|p1a: Blastoise|Ice Spinner|p2a: Professor X
|-resisted|p2a: Professor X
|-damage|p2a: Professor X|93/100
|
|-heal|p2a: Professor X|99/100|[from] item: Leftovers
|upkeep
|turn|24
|
|t:|1740509958
|move|p1a: Blastoise|Aqua Jet|p2a: Professor X
|-damage|p2a: Professor X|80/100
|move|p2a: Professor X|Bullet Punch|p1a: Blastoise
|-resisted|p1a: Blastoise
|-damage|p1a: Blastoise|0 fnt
|faint|p1a: Blastoise
|
|-heal|p2a: Professor X|86/100|[from] item: Leftovers
|upkeep
|
|t:|1740509968
|switch|p1a: Heatran|Heatran, F, shiny, tera:Flying|60/100
|turn|25
|
|t:|1740509973
|switch|p2a: Stuffing|Fezandipiti, M|24/100 brn
|move|p1a: Heatran|Lava Plume|p2a: Stuffing
|-damage|p2a: Stuffing|0 fnt
|faint|p2a: Stuffing
|
|upkeep
|
|t:|1740509977
|switch|p2a: Driveby|Weavile, M|100/100
|-ability|p2a: Driveby|Pressure
|turn|26
|
|t:|1740509986
|move|p2a: Driveby|Triple Axel|p1a: Heatran
|-supereffective|p1a: Heatran
|-damage|p1a: Heatran|39/100
|-supereffective|p1a: Heatran
|-damage|p1a: Heatran|3/100
|-supereffective|p1a: Heatran
|-damage|p1a: Heatran|0 fnt
|faint|p1a: Heatran
|-hitcount|p1: Heatran|3
|
|upkeep
|
|t:|1740509997
|switch|p1a: Haxorus|Haxorus, F, shiny|100/100
|-ability|p1a: Haxorus|Mold Breaker
|turn|27
|
|t:|1740510003
|switch|p2a: Applecrisp|Hydrapple, M|40/100 brn
|move|p1a: Haxorus|First Impression|p2a: Applecrisp
|-supereffective|p2a: Applecrisp
|-damage|p2a: Applecrisp|0 fnt
|faint|p2a: Applecrisp
|-damage|p1a: Haxorus|91/100|[from] item: Life Orb
|
|upkeep
|
|t:|1740510006
|switch|p2a: Driveby|Weavile, M|100/100
|-ability|p2a: Driveby|Pressure
|turn|28
|
|t:|1740510016
|switch|p1a: Raikou|Raikou, shiny|55/100
|-ability|p1a: Raikou|Pressure
|move|p2a: Driveby|Triple Axel|p1a: Raikou
|-damage|p1a: Raikou|38/100
|-damage|p1a: Raikou|6/100
|-hitcount|p1a: Raikou|2
|
|upkeep
|turn|29
|
|t:|1740510028
|move|p2a: Driveby|Triple Axel|p1a: Raikou|[miss]
|-miss|p2a: Driveby|p1a: Raikou
|move|p1a: Raikou|Aura Sphere|p2a: Driveby
|-supereffective|p2a: Driveby
|-damage|p2a: Driveby|0 fnt
|faint|p2a: Driveby
|
|upkeep
|
|t:|1740510032
|switch|p2a: Professor X|Metagross, shiny|86/100
|turn|30
|
|t:|1740510039
|move|p1a: Raikou|Shadow Ball|p2a: Professor X
|-supereffective|p2a: Professor X
|-damage|p2a: Professor X|25/100
|move|p2a: Professor X|Psychic Fangs|p1a: Raikou
|-damage|p1a: Raikou|0 fnt
|faint|p1a: Raikou
|
|-heal|p2a: Professor X|31/100|[from] item: Leftovers
|upkeep
|
|t:|1740510048
|switch|p1a: Gengar|Gengar, F, shiny|31/100
|turn|31
|
|t:|1740510052
|move|p2a: Professor X|Bullet Punch|p1a: Gengar
|-damage|p1a: Gengar|0 fnt
|faint|p1a: Gengar
|
|-heal|p2a: Professor X|37/100|[from] item: Leftovers
|upkeep
|
|t:|1740510057
|switch|p1a: Haxorus|Haxorus, F, shiny|91/100
|-ability|p1a: Haxorus|Mold Breaker
|turn|32
|
|t:|1740510062
|move|p1a: Haxorus|First Impression|p2a: Professor X
|-damage|p2a: Professor X|0 fnt
|faint|p2a: Professor X
|-damage|p1a: Haxorus|81/100|[from] item: Life Orb
|
|upkeep
|
|t:|1740510064
|switch|p2a: Bonezi|Mandibuzz, F|90/100
|turn|33
|
|t:|1740510069
|move|p1a: Haxorus|Outrage|p2a: Bonezi
|-damage|p2a: Bonezi|43/100
|-damage|p1a: Haxorus|71/100|[from] item: Life Orb
|move|p2a: Bonezi|Foul Play|p1a: Haxorus
|-damage|p1a: Haxorus|8/100
|
|upkeep
|turn|34
|
|t:|1740510076
|move|p1a: Haxorus|Outrage|p2a: Bonezi|[from] lockedmove
|-damage|p2a: Bonezi|0 fnt
|faint|p2a: Bonezi
|-damage|p1a: Haxorus|0 fnt|[from] item: Life Orb
|faint|p1a: Haxorus
|
|win|Ilagan
|raw|Ilagan's rating: 1251 &rarr; <strong>1282</strong><br />(+31 for winning)
|raw|BoojumBaller2's rating: 1333 &rarr; <strong>1308</strong><br />(-25 for losing)
|l|☆BoojumBaller2
|player|p2|
|l|☆Ilagan
|player|p1|
