|j|☆s1901
|j|☆pulsationplasma
|t:|1740509930
|gametype|singles
|player|p1|s1901|1|1611
|player|p2|pulsationplasma|266|1674
|teamsize|p1|6
|teamsize|p2|6
|gen|9
|tier|[Gen 9] OU
|rated|
|rule|Species Clause: Limit one of each Pokémon
|rule|OHKO Clause: OHKO moves are banned
|rule|Evasion Items Clause: Evasion items are banned
|rule|Evasion Moves Clause: Evasion moves are banned
|rule|Endless Battle Clause: Forcing endless battles is banned
|rule|HP Percentage Mod: HP is shown in percentages
|rule|Sleep Moves Clause: Sleep-inducing moves are banned
|clearpoke
|poke|p1|Raging Bolt|
|poke|p1|Great Tusk|
|poke|p1|Roaring Moon|
|poke|p1|Torkoal, F|
|poke|p1|Slowking-Galar, F|
|poke|p1|Walking Wake|
|poke|p2|Quaquaval, M|
|poke|p2|Iron Treads|
|poke|p2|Conkeldurr, M|
|poke|p2|Corviknight, F|
|poke|p2|Iron Moth|
|poke|p2|Primarina, M|
|teampreview
|
|t:|1740509939
|start
|switch|p1a: Great Tusk|Great Tusk|100/100
|switch|p2a: Conkeldurr|Conkeldurr, M|100/100
|turn|1
|
|t:|1740509943
|switch|p2a: Corviknight|Corviknight, F|100/100
|-ability|p2a: Corviknight|Pressure
|move|p1a: Great Tusk|Knock Off|p2a: Corviknight
|-damage|p2a: Corviknight|81/100
|-damage|p1a: Great Tusk|84/100|[from] item: Rocky Helmet|[of] p2a: Corviknight
|-enditem|p2a: Corviknight|Rocky Helmet|[from] move: Knock Off|[of] p1a: Great Tusk
|
|-heal|p1a: Great Tusk|90/100|[from] item: Leftovers
|upkeep
|turn|2
|
|t:|1740509948
|-end|p1a: Great Tusk|Protosynthesis|[silent]
|switch|p1a: Torkoal|Torkoal, F|100/100
|-weather|SunnyDay|[from] ability: Drought|[of] p1a: Torkoal
|switch|p2a: Conkeldurr|Conkeldurr, M|100/100
|
|-weather|SunnyDay|[upkeep]
|-status|p2a: Conkeldurr|brn|[from] item: Flame Orb
|upkeep
|turn|3
|
|t:|1740509954
|move|p2a: Conkeldurr|Drain Punch|p1a: Torkoal
|-damage|p1a: Torkoal|51/100
|move|p1a: Torkoal|Stealth Rock|p2a: Conkeldurr
|-sidestart|p2: pulsationplasma|move: Stealth Rock
|
|-weather|SunnyDay|[upkeep]
|-damage|p2a: Conkeldurr|94/100 brn|[from] brn
|upkeep
|turn|4
|
|t:|1740509962
|switch|p1a: Great Tusk|Great Tusk|90/100
|-activate|p1a: Great Tusk|ability: Protosynthesis
|-start|p1a: Great Tusk|protosynthesisdef
|move|p2a: Conkeldurr|Drain Punch|p1a: Great Tusk
|-damage|p1a: Great Tusk|64/100
|-heal|p2a: Conkeldurr|100/100 brn|[from] drain|[of] p1a: Great Tusk
|
|-weather|SunnyDay|[upkeep]
|-heal|p1a: Great Tusk|71/100|[from] item: Leftovers
|-damage|p2a: Conkeldurr|94/100 brn|[from] brn
|upkeep
|turn|5
|
|t:|1740509971
|move|p1a: Great Tusk|Earthquake|p2a: Conkeldurr
|-damage|p2a: Conkeldurr|46/100 brn
|move|p2a: Conkeldurr|Knock Off|p1a: Great Tusk
|-resisted|p1a: Great Tusk
|-damage|p1a: Great Tusk|59/100
|-enditem|p1a: Great Tusk|Leftovers|[from] move: Knock Off|[of] p2a: Conkeldurr
|
|-weather|SunnyDay|[upkeep]
|-damage|p2a: Conkeldurr|40/100 brn|[from] brn
|upkeep
|turn|6
|
|t:|1740509976
|switch|p2a: Corviknight|Corviknight, F|81/100
|-damage|p2a: Corviknight|68/100|[from] Stealth Rock
|-ability|p2a: Corviknight|Pressure
|move|p1a: Great Tusk|Earthquake|p2a: Corviknight
|-immune|p2a: Corviknight
|
|-weather|SunnyDay|[upkeep]
|upkeep
|turn|7
|
|t:|1740509981
|-end|p1a: Great Tusk|Protosynthesis|[silent]
|switch|p1a: Walking Wake|Walking Wake|100/100
|-activate|p1a: Walking Wake|ability: Protosynthesis
|-start|p1a: Walking Wake|protosynthesisspa
|switch|p2a: Primarina|Primarina, M|100/100
|-damage|p2a: Primarina|88/100|[from] Stealth Rock
|
|-weather|SunnyDay|[upkeep]
|upkeep
|turn|8
|
|t:|1740509986
|-end|p1a: Walking Wake|Protosynthesis|[silent]
|switch|p1a: Slowking|Slowking-Galar, F|100/100
|switch|p2a: Conkeldurr|Conkeldurr, M|40/100 brn
|-damage|p2a: Conkeldurr|34/100 brn|[from] Stealth Rock
|
|-weather|SunnyDay|[upkeep]
|-damage|p2a: Conkeldurr|28/100 brn|[from] brn
|upkeep
|turn|9
|
|t:|1740509993
|switch|p1a: Great Tusk|Great Tusk|59/100
|-activate|p1a: Great Tusk|ability: Protosynthesis
|-start|p1a: Great Tusk|protosynthesisdef
|move|p2a: Conkeldurr|Drain Punch|p1a: Great Tusk
|-damage|p1a: Great Tusk|32/100
|-heal|p2a: Conkeldurr|43/100 brn|[from] drain|[of] p1a: Great Tusk
|
|-weather|none
|-end|p1a: Great Tusk|Protosynthesis
|-damage|p2a: Conkeldurr|37/100 brn|[from] brn
|upkeep
|turn|10
|
|t:|1740509999
|switch|p2a: Corviknight|Corviknight, F|68/100
|-damage|p2a: Corviknight|56/100|[from] Stealth Rock
|-ability|p2a: Corviknight|Pressure
|move|p1a: Great Tusk|Earthquake|p2a: Corviknight
|-immune|p2a: Corviknight
|
|upkeep
|turn|11
|
|t:|1740510003
|-end|p1a: Great Tusk|Protosynthesis|[silent]
|switch|p1a: Torkoal|Torkoal, F|51/100
|-weather|SunnyDay|[from] ability: Drought|[of] p1a: Torkoal
|switch|p2a: Conkeldurr|Conkeldurr, M|37/100 brn
|-damage|p2a: Conkeldurr|31/100 brn|[from] Stealth Rock
|
|-weather|SunnyDay|[upkeep]
|-damage|p2a: Conkeldurr|25/100 brn|[from] brn
|upkeep
|turn|12
|
|t:|1740510010
|switch|p1a: Slowking|Slowking-Galar, F|100/100
|move|p2a: Conkeldurr|Drain Punch|p1a: Slowking
|-resisted|p1a: Slowking
|-damage|p1a: Slowking|82/100
|-heal|p2a: Conkeldurr|34/100 brn|[from] drain|[of] p1a: Slowking
|
|-weather|SunnyDay|[upkeep]
|-damage|p2a: Conkeldurr|28/100 brn|[from] brn
|upkeep
|turn|13
|
|t:|1740510014
|switch|p1a: Great Tusk|Great Tusk|32/100
|-activate|p1a: Great Tusk|ability: Protosynthesis
|-start|p1a: Great Tusk|protosynthesisdef
|move|p2a: Conkeldurr|Drain Punch|p1a: Great Tusk
|-damage|p1a: Great Tusk|5/100
|-heal|p2a: Conkeldurr|44/100 brn|[from] drain|[of] p1a: Great Tusk
|
|-weather|SunnyDay|[upkeep]
|-damage|p2a: Conkeldurr|38/100 brn|[from] brn
|upkeep
|turn|14
|
|t:|1740510023
|move|p2a: Conkeldurr|Mach Punch|p1a: Great Tusk
|-damage|p1a: Great Tusk|0 fnt
|faint|p1a: Great Tusk
|-end|p1a: Great Tusk|Protosynthesis|[silent]
|
|-weather|SunnyDay|[upkeep]
|-damage|p2a: Conkeldurr|32/100 brn|[from] brn
|upkeep
|
|t:|1740510026
|switch|p1a: Raging Bolt|Raging Bolt|100/100
|-activate|p1a: Raging Bolt|ability: Protosynthesis
|-start|p1a: Raging Bolt|protosynthesisspa
|turn|15
|
|t:|1740510034
|switch|p2a: Iron Moth|Iron Moth|100/100
|move|p1a: Raging Bolt|Thunderclap||[still]
|-fail|p1a: Raging Bolt
|
|-weather|SunnyDay|[upkeep]
|upkeep
|turn|16
|
|t:|1740510040
|move|p2a: Iron Moth|Sludge Wave|p1a: Raging Bolt
|-damage|p1a: Raging Bolt|57/100
|move|p1a: Raging Bolt|Draco Meteor|p2a: Iron Moth
|-damage|p2a: Iron Moth|0 fnt
|-unboost|p1a: Raging Bolt|spa|2
|faint|p2a: Iron Moth
|-end|p2a: Iron Moth|Quark Drive|[silent]
|
|-weather|SunnyDay|[upkeep]
|-heal|p1a: Raging Bolt|63/100|[from] item: Leftovers
|upkeep
|
|t:|1740510046
|switch|p2a: Iron Treads|Iron Treads|100/100
|turn|17
|
|t:|1740510054
|move|p2a: Iron Treads|Rapid Spin|p1a: Raging Bolt
|-damage|p1a: Raging Bolt|49/100
|-boost|p2a: Iron Treads|spe|1
|-sideend|p2: pulsationplasma|Stealth Rock|[from] move: Rapid Spin|[of] p2a: Iron Treads
|move|p1a: Raging Bolt|Draco Meteor|p2a: Iron Treads
|-resisted|p2a: Iron Treads
|-damage|p2a: Iron Treads|65/100
|-unboost|p1a: Raging Bolt|spa|2
|
|-weather|SunnyDay|[upkeep]
|-heal|p1a: Raging Bolt|55/100|[from] item: Leftovers
|upkeep
|turn|18
|
|t:|1740510064
|move|p2a: Iron Treads|Earthquake|p1a: Raging Bolt
|-supereffective|p1a: Raging Bolt
|-damage|p1a: Raging Bolt|0 fnt
|faint|p1a: Raging Bolt
|-end|p1a: Raging Bolt|Protosynthesis|[silent]
|
|-weather|none
|upkeep
|
|t:|1740510069
|switch|p1a: Walking Wake|Walking Wake|100/100
|turn|19
|
|t:|1740510072
|-end|p2a: Iron Treads|Quark Drive|[silent]
|switch|p2a: Primarina|Primarina, M|88/100
|move|p1a: Walking Wake|Hydro Steam|p2a: Primarina
|-resisted|p2a: Primarina
|-damage|p2a: Primarina|69/100
|
|upkeep
|turn|20
|
|t:|1740510079
|-end|p1a: Walking Wake|Protosynthesis|[silent]
|switch|p1a: Slowking|Slowking-Galar, F|100/100
|switch|p2a: Conkeldurr|Conkeldurr, M|32/100 brn
|
|-damage|p2a: Conkeldurr|26/100 brn|[from] brn
|upkeep
|turn|21
|
|t:|1740510084
|move|p2a: Conkeldurr|Knock Off|p1a: Slowking
|-supereffective|p1a: Slowking
|-damage|p1a: Slowking|0 fnt
|-enditem|p1a: Slowking|Assault Vest|[from] move: Knock Off|[of] p2a: Conkeldurr
|faint|p1a: Slowking
|
|-damage|p2a: Conkeldurr|20/100 brn|[from] brn
|upkeep
|
|t:|1740510087
|switch|p1a: Roaring Moon|Roaring Moon|100/100
|turn|22
|
|t:|1740510092
|switch|p2a: Iron Treads|Iron Treads|65/100
|move|p1a: Roaring Moon|Earthquake|p2a: Iron Treads
|-supereffective|p2a: Iron Treads
|-damage|p2a: Iron Treads|0 fnt
|faint|p2a: Iron Treads
|-end|p2a: Iron Treads|Quark Drive|[silent]
|
|upkeep
|
|t:|1740510100
|switch|p2a: Quaquaval|Quaquaval, M|100/100
|turn|23
|
|t:|1740510103
|-end|p1a: Roaring Moon|Protosynthesis|[silent]
|switch|p1a: Torkoal|Torkoal, F|51/100
|-weather|SunnyDay|[from] ability: Drought|[of] p1a: Torkoal
|move|p2a: Quaquaval|Aqua Step|p1a: Torkoal
|-supereffective|p1a: Torkoal
|-damage|p1a: Torkoal|23/100
|-boost|p2a: Quaquaval|spe|1
|
|-weather|SunnyDay|[upkeep]
|upkeep
|turn|24
|
|t:|1740510108
|switch|p1a: Walking Wake|Walking Wake|100/100
|-activate|p1a: Walking Wake|ability: Protosynthesis
|-start|p1a: Walking Wake|protosynthesisspa
|move|p2a: Quaquaval|Aqua Step|p1a: Walking Wake
|-resisted|p1a: Walking Wake
|-damage|p1a: Walking Wake|95/100
|-boost|p2a: Quaquaval|spe|1
|
|-weather|SunnyDay|[upkeep]
|upkeep
|turn|25
|
|t:|1740510115
|switch|p2a: Primarina|Primarina, M|69/100
|move|p1a: Walking Wake|Hydro Steam|p2a: Primarina
|-resisted|p2a: Primarina
|-damage|p2a: Primarina|29/100
|
|-weather|SunnyDay|[upkeep]
|upkeep
|turn|26
|
|t:|1740510119
|move|p1a: Walking Wake|Hydro Steam|p2a: Primarina
|-resisted|p2a: Primarina
|-crit|p2a: Primarina
|-damage|p2a: Primarina|0 fnt
|faint|p2a: Primarina
|
|-weather|SunnyDay|[upkeep]
|upkeep
|
|t:|1740510124
|switch|p2a: Quaquaval|Quaquaval, M|100/100
|turn|27
|
|t:|1740510127
|move|p1a: Walking Wake|Hydro Steam|p2a: Quaquaval
|-resisted|p2a: Quaquaval
|-damage|p2a: Quaquaval|23/100
|move|p2a: Quaquaval|Close Combat|p1a: Walking Wake
|-damage|p1a: Walking Wake|25/100
|-unboost|p2a: Quaquaval|def|1
|-unboost|p2a: Quaquaval|spd|1
|
|-weather|SunnyDay|[upkeep]
|upkeep
|turn|28
|
|t:|1740510136
|move|p1a: Walking Wake|Hydro Steam|p2a: Quaquaval
|-resisted|p2a: Quaquaval
|-damage|p2a: Quaquaval|0 fnt
|faint|p2a: Quaquaval
|
|-weather|SunnyDay|[upkeep]
|upkeep
|
|t:|1740510139
|switch|p2a: Conkeldurr|Conkeldurr, M|20/100 brn
|turn|29
|
|t:|1740510145
|-end|p1a: Walking Wake|Protosynthesis|[silent]
|switch|p1a: Torkoal|Torkoal, F|23/100
|move|p2a: Conkeldurr|Mach Punch|p1a: Torkoal
|-damage|p1a: Torkoal|0 fnt
|faint|p1a: Torkoal
|
|-weather|SunnyDay|[upkeep]
|-damage|p2a: Conkeldurr|14/100 brn|[from] brn
|upkeep
|
|t:|1740510148
|switch|p1a: Roaring Moon|Roaring Moon|100/100
|-activate|p1a: Roaring Moon|ability: Protosynthesis
|-start|p1a: Roaring Moon|protosynthesisatk
|turn|30
|
|t:|1740510155
|-terastallize|p1a: Roaring Moon|Flying
|-terastallize|p2a: Conkeldurr|Fighting
|move|p2a: Conkeldurr|Mach Punch|p1a: Roaring Moon
|-resisted|p1a: Roaring Moon
|-damage|p1a: Roaring Moon|71/100
|move|p1a: Roaring Moon|Dragon Claw|p2a: Conkeldurr
|-damage|p2a: Conkeldurr|0 fnt
|faint|p2a: Conkeldurr
|
|-weather|none
|-end|p1a: Roaring Moon|Protosynthesis
|upkeep
|
|t:|1740510159
|switch|p2a: Corviknight|Corviknight, F|56/100
|-ability|p2a: Corviknight|Pressure
|turn|31
|
|t:|1740510162
|move|p1a: Roaring Moon|Dragon Claw|p2a: Corviknight
|-resisted|p2a: Corviknight
|-damage|p2a: Corviknight|34/100
|move|p2a: Corviknight|Roost|p2a: Corviknight
|-heal|p2a: Corviknight|84/100
|-singleturn|p2a: Corviknight|move: Roost
|
|upkeep
|turn|32
|
|t:|1740510165
|move|p1a: Roaring Moon|Dragon Claw|p2a: Corviknight
|-resisted|p2a: Corviknight
|-damage|p2a: Corviknight|62/100
|move|p2a: Corviknight|Roost|p2a: Corviknight
|-heal|p2a: Corviknight|100/100
|-singleturn|p2a: Corviknight|move: Roost
|
|upkeep
|turn|33
|
|t:|1740510171
|move|p1a: Roaring Moon|Dragon Claw|p2a: Corviknight
|-resisted|p2a: Corviknight
|-damage|p2a: Corviknight|78/100
|move|p2a: Corviknight|Roost|p2a: Corviknight
|-heal|p2a: Corviknight|100/100
|-singleturn|p2a: Corviknight|move: Roost
|
|upkeep
|turn|34
|
|t:|1740510178
|move|p1a: Roaring Moon|Dragon Claw|p2a: Corviknight
|-resisted|p2a: Corviknight
|-damage|p2a: Corviknight|77/100
|move|p2a: Corviknight|Brave Bird|p1a: Roaring Moon
|-damage|p1a: Roaring Moon|22/100
|-damage|p2a: Corviknight|63/100|[from] Recoil
|
|upkeep
|turn|35
|
|t:|1740510184
|move|p1a: Roaring Moon|Dragon Claw|p2a: Corviknight
|-resisted|p2a: Corviknight
|-damage|p2a: Corviknight|41/100
|move|p2a: Corviknight|Roost|p2a: Corviknight
|-heal|p2a: Corviknight|91/100
|-singleturn|p2a: Corviknight|move: Roost
|
|upkeep
|turn|36
|
|t:|1740510188
|move|p1a: Roaring Moon|Dragon Claw|p2a: Corviknight
|-resisted|p2a: Corviknight
|-crit|p2a: Corviknight
|-damage|p2a: Corviknight|61/100
|move|p2a: Corviknight|Body Press|p1a: Roaring Moon
|-resisted|p1a: Roaring Moon
|-damage|p1a: Roaring Moon|6/100
|
|upkeep
|turn|37
|
|t:|1740510193
|move|p1a: Roaring Moon|Dragon Claw|p2a: Corviknight
|-resisted|p2a: Corviknight
|-damage|p2a: Corviknight|39/100
|move|p2a: Corviknight|Roost|p2a: Corviknight
|-heal|p2a: Corviknight|89/100
|-singleturn|p2a: Corviknight|move: Roost
|
|upkeep
|turn|38
|
|t:|1740510199
|move|p1a: Roaring Moon|Dragon Claw|p2a: Corviknight
|-resisted|p2a: Corviknight
|-damage|p2a: Corviknight|67/100
|move|p2a: Corviknight|Iron Defense|p2a: Corviknight
|-boost|p2a: Corviknight|def|2
|
|upkeep
|turn|39
|
|t:|1740510204
|move|p1a: Roaring Moon|Dragon Claw|p2a: Corviknight
|-resisted|p2a: Corviknight
|-damage|p2a: Corviknight|57/100
|move|p2a: Corviknight|Roost|p2a: Corviknight
|-heal|p2a: Corviknight|100/100
|-singleturn|p2a: Corviknight|move: Roost
|
|upkeep
|turn|40
|
|t:|1740510208
|move|p1a: Roaring Moon|Dragon Claw|p2a: Corviknight
|-resisted|p2a: Corviknight
|-damage|p2a: Corviknight|90/100
|move|p2a: Corviknight|Iron Defense|p2a: Corviknight
|-boost|p2a: Corviknight|def|2
|
|upkeep
|turn|41
|
|t:|1740510213
|move|p1a: Roaring Moon|Dragon Claw|p2a: Corviknight
|-resisted|p2a: Corviknight
|-damage|p2a: Corviknight|83/100
|move|p2a: Corviknight|Iron Defense|p2a: Corviknight
|-boost|p2a: Corviknight|def|2
|
|upkeep
|turn|42
|
|t:|1740510215
|move|p1a: Roaring Moon|Dragon Claw|p2a: Corviknight
|-resisted|p2a: Corviknight
|-damage|p2a: Corviknight|77/100
|move|p2a: Corviknight|Roost|p2a: Corviknight
|-heal|p2a: Corviknight|100/100
|-singleturn|p2a: Corviknight|move: Roost
|
|upkeep
|turn|43
|
|t:|1740510218
|-activate|p1a: Roaring Moon|move: Struggle
|move|p1a: Roaring Moon|Struggle|p2a: Corviknight
|-damage|p2a: Corviknight|95/100
|-damage|p1a: Roaring Moon|0 fnt|[from] recoil
|faint|p1a: Roaring Moon
|-end|p1a: Roaring Moon|Protosynthesis|[silent]
|move|p2a: Corviknight|Body Press|p1: Roaring Moon|[notarget]
|-fail|p2a: Corviknight
|
|upkeep
|
|t:|1740510220
|switch|p1a: Walking Wake|Walking Wake|25/100
|turn|44
|
|t:|1740510223
|move|p1a: Walking Wake|Hydro Steam|p2a: Corviknight
|-damage|p2a: Corviknight|34/100
|move|p2a: Corviknight|Body Press|p1a: Walking Wake
|-damage|p1a: Walking Wake|0 fnt
|faint|p1a: Walking Wake
|-end|p1a: Walking Wake|Protosynthesis|[silent]
|
|win|pulsationplasma
|raw|s1901's rating: 1611 &rarr; <strong>1595</strong><br />(-16 for losing)
|raw|pulsationplasma's rating: 1674 &rarr; <strong>1690</strong><br />(+16 for winning)
|l|☆s1901
|player|p1|
