|html|<div class="broadcast-blue"><strong>[Gen 9] UU is currently suspecting Quaquaval! For information on how to participate check out the <a href="https://www.smogon.com/forums/threads/sv-uu-suspect-process-round-13-the-duck-song.3760500/">suspect thread</a>.</strong></div>
|j|☆thatpiffninja
|j|☆mfl539
|t:|1740510033
|gametype|singles
|player|p1|thatpiffninja|pokemaniac|1266
|player|p2|mfl539|swimmer-gen4dp|1357
|teamsize|p1|6
|teamsize|p2|6
|gen|9
|tier|[Gen 9] UU
|rated|
|rule|Species Clause: Limit one of each Pokémon
|rule|OHKO Clause: OHKO moves are banned
|rule|Evasion Items Clause: Evasion items are banned
|rule|Evasion Moves Clause: Evasion moves are banned
|rule|Endless Battle Clause: Forcing endless battles is banned
|rule|HP Percentage Mod: HP is shown in percentages
|rule|Sleep Moves Clause: Sleep-inducing moves are banned
|clearpoke
|poke|p1|Scizor, M|
|poke|p1|Salamence, F|
|poke|p1|Azumarill, F|
|poke|p1|Toxapex, F|
|poke|p1|Chansey, F|
|poke|p1|Excadrill, M|
|poke|p2|Iron Leaves|
|poke|p2|Goodra-Hisui, F|
|poke|p2|Swampert, M|
|poke|p2|Incineroar, M|
|poke|p2|Amoonguss, F|
|poke|p2|Conkeldurr, M|
|teampreview
|inactive|Battle timer is ON: inactive players will automatically lose when time's up. (requested by mfl539)
|
|t:|1740510039
|start
|switch|p1a: Salamence|Salamence, F, shiny|100/100
|switch|p2a: Swampert|Swampert, M|100/100
|-ability|p1a: Salamence|Intimidate|boost
|-unboost|p2a: Swampert|atk|1
|turn|1
|
|t:|1740510047
|move|p1a: Salamence|Draco Meteor|p2a: Swampert
|-damage|p2a: Swampert|46/100
|-unboost|p1a: Salamence|spa|2
|move|p2a: Swampert|Stealth Rock|p1a: Salamence
|-sidestart|p1: thatpiffninja|move: Stealth Rock
|
|-heal|p2a: Swampert|52/100|[from] item: Leftovers
|upkeep
|turn|2
|
|t:|1740510056
|switch|p1a: Toxapex|Toxapex, F, shiny|100/100
|-damage|p1a: Toxapex|88/100|[from] Stealth Rock
|move|p2a: Swampert|Knock Off|p1a: Toxapex
|-damage|p1a: Toxapex|75/100
|-damage|p2a: Swampert|36/100|[from] item: Rocky Helmet|[of] p1a: Toxapex
|-enditem|p1a: Toxapex|Rocky Helmet|[from] move: Knock Off|[of] p2a: Swampert
|
|-heal|p2a: Swampert|42/100|[from] item: Leftovers
|upkeep
|turn|3
|
|t:|1740510067
|switch|p1a: Salamence|Salamence, F, shiny|100/100
|-ability|p1a: Salamence|Intimidate|boost
|-unboost|p2a: Swampert|atk|1
|move|p2a: Swampert|Earthquake|p1a: Salamence
|-immune|p1a: Salamence
|
|-heal|p2a: Swampert|48/100|[from] item: Leftovers
|upkeep
|turn|4
|
|t:|1740510077
|move|p1a: Salamence|Air Slash|p2a: Swampert|[miss]
|-miss|p1a: Salamence|p2a: Swampert
|move|p2a: Swampert|Flip Turn|p1a: Salamence
|-resisted|p1a: Salamence
|-damage|p1a: Salamence|91/100
|
|t:|1740510093
|switch|p2a: Incineroar|Incineroar, M|100/100|[from] Flip Turn
|-ability|p2a: Incineroar|Intimidate|boost
|-unboost|p1a: Salamence|atk|1
|
|upkeep
|turn|5
|
|t:|1740510103
|switch|p1a: Toxapex|Toxapex, F, shiny|100/100
|-damage|p1a: Toxapex|88/100|[from] Stealth Rock
|move|p2a: Incineroar|Knock Off|p1a: Toxapex
|-damage|p1a: Toxapex|74/100
|
|upkeep
|turn|6
|
|t:|1740510110
|move|p2a: Incineroar|Parting Shot|p1a: Toxapex
|-unboost|p1a: Toxapex|atk|1
|-unboost|p1a: Toxapex|spa|1
|
|t:|1740510113
|switch|p2a: Conkeldurr|Conkeldurr, M|100/100|[from] Parting Shot
|move|p1a: Toxapex|Toxic|p2a: Conkeldurr
|-status|p2a: Conkeldurr|tox
|
|-damage|p2a: Conkeldurr|94/100 tox|[from] psn
|upkeep
|turn|7
|
|t:|1740510127
|move|p2a: Conkeldurr|Facade|p1a: Toxapex
|-damage|p1a: Toxapex|20/100
|move|p1a: Toxapex|Recover|p1a: Toxapex
|-heal|p1a: Toxapex|70/100
|
|-damage|p2a: Conkeldurr|82/100 tox|[from] psn
|upkeep
|turn|8
|
|t:|1740510143
|switch|p1a: Salamence|Salamence, F, shiny|91/100
|-ability|p1a: Salamence|Intimidate|boost
|-unboost|p2a: Conkeldurr|atk|1
|-terastallize|p2a: Conkeldurr|Normal
|move|p2a: Conkeldurr|Facade|p1a: Salamence
|-damage|p1a: Salamence|0 fnt
|faint|p1a: Salamence
|
|-damage|p2a: Conkeldurr|64/100 tox|[from] psn
|upkeep
|
|t:|1740510158
|switch|p1a: Scizor|Scizor, M|100/100
|turn|9
|
|t:|1740510161
|switch|p2a: Incineroar|Incineroar, M|100/100
|-ability|p2a: Incineroar|Intimidate|boost
|-unboost|p1a: Scizor|atk|1
|move|p1a: Scizor|Defog|p2a: Incineroar
|-unboost|p2a: Incineroar|evasion|1
|-sideend|p1: thatpiffninja|Stealth Rock|[from] move: Defog|[of] p1a: Scizor
|
|upkeep
|turn|10
|
|t:|1740510171
|move|p2a: Incineroar|Parting Shot|p1a: Scizor
|-unboost|p1a: Scizor|atk|1
|-unboost|p1a: Scizor|spa|1
|
|t:|1740510177
|switch|p2a: Swampert|Swampert, M|48/100|[from] Parting Shot
|move|p1a: Scizor|U-turn|p2a: Swampert
|-damage|p2a: Swampert|30/100
|
|t:|1740510184
|switch|p1a: Excadrill|Excadrill, M, shiny|100/100|[from] U-turn
|-ability|p1a: Excadrill|Mold Breaker
|
|-heal|p2a: Swampert|37/100|[from] item: Leftovers
|upkeep
|turn|11
|
|t:|1740510191
|move|p1a: Excadrill|Rapid Spin|p2a: Swampert
|-damage|p2a: Swampert|19/100
|-boost|p1a: Excadrill|spe|1
|move|p2a: Swampert|Earthquake|p1a: Excadrill
|-supereffective|p1a: Excadrill
|-damage|p1a: Excadrill|0 fnt
|faint|p1a: Excadrill
|
|-heal|p2a: Swampert|25/100|[from] item: Leftovers
|upkeep
|
|t:|1740510202
|switch|p1a: Azumarill|Azumarill, F, shiny|100/100
|turn|12
|
|t:|1740510215
|switch|p2a: Amoonguss|Amoonguss, F|100/100
|move|p1a: Azumarill|Play Rough|p2a: Amoonguss
|-resisted|p2a: Amoonguss
|-damage|p2a: Amoonguss|73/100
|-damage|p1a: Azumarill|84/100|[from] item: Rocky Helmet|[of] p2a: Amoonguss
|
|upkeep
|turn|13
|
|t:|1740510227
|switch|p1a: Scizor|Scizor, M|100/100
|switch|p2a: Swampert|Swampert, M|25/100
|
|-heal|p2a: Swampert|31/100|[from] item: Leftovers
|upkeep
|turn|14
|
|t:|1740510236
|move|p1a: Scizor|Bullet Punch|p2a: Swampert
|-resisted|p2a: Swampert
|-damage|p2a: Swampert|14/100
|move|p2a: Swampert|Earthquake|p1a: Scizor
|-damage|p1a: Scizor|50/100
|
|-heal|p2a: Swampert|20/100|[from] item: Leftovers
|upkeep
|turn|15
|-message|thatpiffninja forfeited.
|
|win|mfl539
|raw|thatpiffninja's rating: 1266 &rarr; <strong>1247</strong><br />(-19 for losing)
|raw|mfl539's rating: 1357 &rarr; <strong>1372</strong><br />(+15 for winning)
|l|☆thatpiffninja
|player|p1|
|l|☆mfl539
|player|p2|
