|j|☆epiccish
|j|☆RunninItBack
|t:|1740509682
|gametype|singles
|player|p1|epiccish|ninjaboy|
|player|p2|RunninItBack|wallace|
|teamsize|p1|6
|teamsize|p2|6
|gen|9
|tier|[Gen 9] Random Battle
|rule|Species Clause: Limit one of each Pokémon
|rule|HP Percentage Mod: HP is shown in percentages
|rule|Sleep Clause Mod: Limit one foe put to sleep
|rule|Illusion Level Mod: Illusion disguises the Pokémon's true level
|
|t:|1740509682
|start
|switch|p1a: Drifblim|Drifblim, L86, M|396/396
|switch|p2a: Golduck|Golduck, L90, F|290/290
|-ability|p2a: Golduck|Cloud Nine
|turn|1
|inactive|Battle timer is ON: inactive players will automatically lose when time's up. (requested by RunninItBack)
|
|t:|1740509712
|move|p2a: Golduck|Ice Beam|p1a: Drifblim
|-supereffective|p1a: Drifblim
|-damage|p1a: Drifblim|98/396
|-enditem|p1a: Drifblim|Sitrus Berry|[eat]
|-heal|p1a: Drifblim|197/396|[from] item: Sitrus Berry
|move|p1a: Drifblim|Shadow Ball|p2a: Golduck
|-damage|p2a: Golduck|200/290
|
|upkeep
|turn|2
|
|t:|1740509728
|switch|p1a: Pecharunt|Pecharunt, L77|262/262
|move|p2a: Golduck|Ice Beam|p1a: Pecharunt
|-damage|p1a: Pecharunt|145/262
|
|-heal|p1a: Pecharunt|161/262|[from] item: Leftovers
|upkeep
|turn|3
|
|t:|1740509736
|move|p2a: Golduck|Ice Beam|p1a: Pecharunt
|-damage|p1a: Pecharunt|50/262
|move|p1a: Pecharunt|Malignant Chain|p2a: Golduck
|-damage|p2a: Golduck|116/290
|-status|p2a: Golduck|tox
|-start|p2a: Golduck|confusion|[from] ability: Poison Puppeteer|[of] p1a: Pecharunt
|
|-heal|p1a: Pecharunt|66/262|[from] item: Leftovers
|-damage|p2a: Golduck|98/290 tox|[from] psn
|upkeep
|turn|4
|
|t:|1740509753
|switch|p1a: Crawdaunt|Crawdaunt, L84, F|243/243
|-activate|p2a: Golduck|confusion
|-damage|p2a: Golduck|68/290 tox|[from] confusion
|
|-damage|p2a: Golduck|32/290 tox|[from] psn
|upkeep
|turn|5
|
|t:|1740509767
|move|p1a: Crawdaunt|Aqua Jet|p2a: Golduck
|-resisted|p2a: Golduck
|-crit|p2a: Golduck
|-damage|p2a: Golduck|0 fnt
|faint|p2a: Golduck
|-damage|p1a: Crawdaunt|219/243|[from] item: Life Orb
|
|upkeep
|inactive|RunninItBack has 270 seconds left.
|
|t:|1740509794
|switch|p2a: Meloetta|Meloetta, L82|298/298
|turn|6
|
|t:|1740509801
|move|p2a: Meloetta|Hyper Voice|p1a: Crawdaunt
|-damage|p1a: Crawdaunt|0 fnt
|faint|p1a: Crawdaunt
|
|upkeep
|
|t:|1740509814
|switch|p1a: Chien-Pao|Chien-Pao, L72|234/234
|-ability|p1a: Chien-Pao|Sword of Ruin
|turn|7
|inactive|RunninItBack has 270 seconds left.
|
|t:|1740509840
|switch|p2a: Jumpluff|Jumpluff, L87, M|271/271
|move|p1a: Chien-Pao|Throat Chop|p2a: Jumpluff
|-damage|p2a: Jumpluff|102/271
|-start|p2a: Jumpluff|Throat Chop|[silent]
|
|upkeep
|turn|8
|inactive|RunninItBack has 270 seconds left.
|
|t:|1740509860
|switch|p1a: Pecharunt|Pecharunt, L77|66/262
|move|p2a: Jumpluff|Strength Sap|p1a: Pecharunt
|-unboost|p1a: Pecharunt|atk|1
|-heal|p2a: Jumpluff|242/271
|
|-heal|p1a: Pecharunt|82/262|[from] item: Leftovers
|-end|p2a: Jumpluff|Throat Chop|[silent]
|upkeep
|turn|9
|
|t:|1740509875
|switch|p1a: Chien-Pao|Chien-Pao, L72|234/234
|-ability|p1a: Chien-Pao|Sword of Ruin
|-terastallize|p2a: Jumpluff|Steel
|move|p2a: Jumpluff|Substitute|p2a: Jumpluff
|-start|p2a: Jumpluff|Substitute
|-damage|p2a: Jumpluff|175/271
|
|upkeep
|turn|10
|
|t:|1740509887
|move|p2a: Jumpluff|Leech Seed|p1a: Chien-Pao
|-start|p1a: Chien-Pao|move: Leech Seed
|move|p1a: Chien-Pao|Sacred Sword|p2a: Jumpluff
|-supereffective|p2a: Jumpluff
|-end|p2a: Jumpluff|Substitute
|
|-damage|p1a: Chien-Pao|205/234|[from] Leech Seed|[of] p2a: Jumpluff
|-heal|p2a: Jumpluff|204/271|[silent]
|upkeep
|turn|11
|
|t:|1740509905
|move|p2a: Jumpluff|Substitute|p2a: Jumpluff
|-start|p2a: Jumpluff|Substitute
|-damage|p2a: Jumpluff|137/271
|move|p1a: Chien-Pao|Sacred Sword|p2a: Jumpluff
|-supereffective|p2a: Jumpluff
|-end|p2a: Jumpluff|Substitute
|
|-damage|p1a: Chien-Pao|176/234|[from] Leech Seed|[of] p2a: Jumpluff
|-heal|p2a: Jumpluff|166/271|[silent]
|upkeep
|turn|12
|
|t:|1740509916
|move|p2a: Jumpluff|Substitute|p2a: Jumpluff
|-start|p2a: Jumpluff|Substitute
|-damage|p2a: Jumpluff|99/271
|move|p1a: Chien-Pao|Sacred Sword|p2a: Jumpluff
|-supereffective|p2a: Jumpluff
|-end|p2a: Jumpluff|Substitute
|
|-damage|p1a: Chien-Pao|147/234|[from] Leech Seed|[of] p2a: Jumpluff
|-heal|p2a: Jumpluff|128/271|[silent]
|upkeep
|turn|13
|
|t:|1740509926
|switch|p1a: Flamigo|Flamigo, L82, F|269/269
|move|p2a: Jumpluff|Substitute|p2a: Jumpluff
|-start|p2a: Jumpluff|Substitute
|-damage|p2a: Jumpluff|61/271
|
|upkeep
|turn|14
|
|t:|1740509932
|move|p1a: Flamigo|Brave Bird|p2a: Jumpluff
|-resisted|p2a: Jumpluff
|-end|p2a: Jumpluff|Substitute
|-damage|p1a: Flamigo|247/269|[from] Recoil|[of] p2a: Jumpluff
|move|p2a: Jumpluff|Strength Sap|p1a: Flamigo
|-unboost|p1a: Flamigo|atk|1
|-heal|p2a: Jumpluff|271/271
|
|upkeep
|turn|15
|
|t:|1740509948
|switch|p1a: Chien-Pao|Chien-Pao, L72|147/234
|-ability|p1a: Chien-Pao|Sword of Ruin
|move|p2a: Jumpluff|Substitute|p2a: Jumpluff
|-start|p2a: Jumpluff|Substitute
|-damage|p2a: Jumpluff|204/271
|
|upkeep
|turn|16
|
|t:|1740509966
|move|p2a: Jumpluff|Strength Sap|p1a: Chien-Pao
|-unboost|p1a: Chien-Pao|atk|1
|-heal|p2a: Jumpluff|271/271
|move|p1a: Chien-Pao|Sacred Sword|p2a: Jumpluff
|-supereffective|p2a: Jumpluff
|-end|p2a: Jumpluff|Substitute
|
|upkeep
|turn|17
|c|☆epiccish|I forgot how annoying jumpluff can be holy shit
|c|☆epiccish|it's faster than most things
|inactive|RunninItBack has 240 seconds left.
|c|☆RunninItBack|this shits in my blood the way i randomly be remembering how to play this mon
|
|t:|1740509997
|move|p2a: Jumpluff|Strength Sap|p1a: Chien-Pao
|-unboost|p1a: Chien-Pao|atk|1
|move|p1a: Chien-Pao|Sacred Sword|p2a: Jumpluff
|-supereffective|p2a: Jumpluff
|-damage|p2a: Jumpluff|143/271
|
|upkeep
|turn|18
|inactive|RunninItBack has 240 seconds left.
|
|t:|1740510014
|move|p2a: Jumpluff|Leech Seed|p1a: Chien-Pao
|-start|p1a: Chien-Pao|move: Leech Seed
|move|p1a: Chien-Pao|Sacred Sword|p2a: Jumpluff
|-supereffective|p2a: Jumpluff
|-damage|p2a: Jumpluff|21/271
|
|-damage|p1a: Chien-Pao|118/234|[from] Leech Seed|[of] p2a: Jumpluff
|-heal|p2a: Jumpluff|50/271|[silent]
|upkeep
|turn|19
|inactive|RunninItBack has 240 seconds left.
|
|t:|1740510024
|move|p2a: Jumpluff|Strength Sap|p1a: Chien-Pao
|-unboost|p1a: Chien-Pao|atk|1
|-heal|p2a: Jumpluff|157/271
|move|p1a: Chien-Pao|Sacred Sword|p2a: Jumpluff
|-supereffective|p2a: Jumpluff
|-damage|p2a: Jumpluff|63/271
|
|-damage|p1a: Chien-Pao|89/234|[from] Leech Seed|[of] p2a: Jumpluff
|-heal|p2a: Jumpluff|92/271|[silent]
|upkeep
|turn|20
|inactive|RunninItBack has 240 seconds left.
|
|t:|1740510034
|switch|p1a: Flamigo|Flamigo, L82, F|247/269
|move|p2a: Jumpluff|Substitute|p2a: Jumpluff
|-start|p2a: Jumpluff|Substitute
|-damage|p2a: Jumpluff|25/271
|
|upkeep
|turn|21
|c|☆RunninItBack|ehe
|
|t:|1740510042
|move|p1a: Flamigo|Close Combat|p2a: Jumpluff
|-supereffective|p2a: Jumpluff
|-end|p2a: Jumpluff|Substitute
|-unboost|p1a: Flamigo|def|1
|-unboost|p1a: Flamigo|spd|1
|move|p2a: Jumpluff|Strength Sap|p1a: Flamigo
|-unboost|p1a: Flamigo|atk|1
|-heal|p2a: Jumpluff|261/271
|
|upkeep
|turn|22
|
|t:|1740510053
|move|p1a: Flamigo|Close Combat|p2a: Jumpluff
|-supereffective|p2a: Jumpluff
|-damage|p2a: Jumpluff|61/271
|-unboost|p1a: Flamigo|def|1
|-unboost|p1a: Flamigo|spd|1
|move|p2a: Jumpluff|Acrobatics|p1a: Flamigo
|-supereffective|p1a: Flamigo
|-damage|p1a: Flamigo|0 fnt
|faint|p1a: Flamigo
|
|upkeep
|c|☆RunninItBack|oh thats crazy
|c|☆RunninItBack|scarf
|
|t:|1740510066
|switch|p1a: Chien-Pao|Chien-Pao, L72|89/234
|-ability|p1a: Chien-Pao|Sword of Ruin
|turn|23
|
|t:|1740510072
|move|p2a: Jumpluff|Acrobatics|p1a: Chien-Pao
|-damage|p1a: Chien-Pao|0 fnt
|faint|p1a: Chien-Pao
|
|upkeep
|
|t:|1740510080
|switch|p1a: Drifblim|Drifblim, L86, M|197/396
|turn|24
|c|☆RunninItBack|im crazier
|
|t:|1740510089
|move|p2a: Jumpluff|Strength Sap|p1a: Drifblim
|-unboost|p1a: Drifblim|atk|1
|-heal|p2a: Jumpluff|203/271
|move|p1a: Drifblim|Shadow Ball|p2a: Jumpluff
|-damage|p2a: Jumpluff|128/271
|
|upkeep
|turn|25
|inactive|RunninItBack has 270 seconds left.
|
|t:|1740510102
|-terastallize|p1a: Drifblim|Ghost
|move|p2a: Jumpluff|Leech Seed|p1a: Drifblim
|-start|p1a: Drifblim|move: Leech Seed
|move|p1a: Drifblim|Calm Mind|p1a: Drifblim
|-boost|p1a: Drifblim|spa|1
|-boost|p1a: Drifblim|spd|1
|
|-damage|p1a: Drifblim|148/396|[from] Leech Seed|[of] p2a: Jumpluff
|-heal|p2a: Jumpluff|177/271|[silent]
|upkeep
|turn|26
|inactive|RunninItBack has 270 seconds left.
|
|t:|1740510110
|move|p2a: Jumpluff|Acrobatics|p1a: Drifblim
|-damage|p1a: Drifblim|21/396
|move|p1a: Drifblim|Shadow Ball|p2a: Jumpluff
|-damage|p2a: Jumpluff|23/271
|-unboost|p2a: Jumpluff|spd|1
|
|-damage|p1a: Drifblim|0 fnt|[from] Leech Seed|[of] p2a: Jumpluff
|-heal|p2a: Jumpluff|44/271|[silent]
|faint|p1a: Drifblim
|upkeep
|
|t:|1740510120
|switch|p1a: Plusle|Plusle, L95, F|268/268
|turn|27
|c|☆epiccish|lowk i should have done this a long time ago
|inactive|RunninItBack has 270 seconds left.
|c|☆RunninItBack|def
|
|t:|1740510149
|move|p2a: Jumpluff|Leech Seed|p1a: Plusle
|-start|p1a: Plusle|move: Leech Seed
|move|p1a: Plusle|Encore|p2a: Jumpluff
|-start|p2a: Jumpluff|Encore
|
|-damage|p1a: Plusle|235/268|[from] Leech Seed|[of] p2a: Jumpluff
|-heal|p2a: Jumpluff|77/271|[silent]
|upkeep
|turn|28
|
|t:|1740510165
|switch|p2a: Ogerpon|Ogerpon-Hearthflame, L74, F|239/239
|-ability|p2a: Ogerpon|Mold Breaker
|move|p1a: Plusle|Nasty Plot|p1a: Plusle
|-boost|p1a: Plusle|spa|2
|
|-damage|p1a: Plusle|202/268|[from] Leech Seed|[of] p2a: Ogerpon
|upkeep
|turn|29
|inactive|RunninItBack has 270 seconds left.
|
|t:|1740510185
|move|p1a: Plusle|Alluring Voice|p2a: Ogerpon
|-resisted|p2a: Ogerpon
|-damage|p2a: Ogerpon|144/239
|-damage|p1a: Plusle|176/268|[from] item: Life Orb
|move|p2a: Ogerpon|Ivy Cudgel|p1a: Plusle|[anim] Ivy Cudgel Fire
|-damage|p1a: Plusle|0 fnt
|faint|p1a: Plusle
|
|upkeep
|c|☆RunninItBack|??
|c|☆RunninItBack|girl
|inactive|epiccish has 270 seconds left.
|c|☆epiccish|i lose either way lol
|
|t:|1740510202
|switch|p1a: Pecharunt|Pecharunt, L77|82/262
|turn|30
|
|t:|1740510216
|move|p2a: Ogerpon|Stomping Tantrum|p1a: Pecharunt
|-supereffective|p1a: Pecharunt
|-damage|p1a: Pecharunt|2/262
|move|p1a: Pecharunt|Recover|p1a: Pecharunt
|-heal|p1a: Pecharunt|133/262
|
|-heal|p1a: Pecharunt|149/262|[from] item: Leftovers
|upkeep
|turn|31
|
|t:|1740510226
|move|p2a: Ogerpon|Swords Dance|p2a: Ogerpon
|-boost|p2a: Ogerpon|atk|2
|move|p1a: Pecharunt|Malignant Chain|p2a: Ogerpon
|-supereffective|p2a: Ogerpon
|-damage|p2a: Ogerpon|0 fnt
|faint|p2a: Ogerpon
|
|-heal|p1a: Pecharunt|165/262|[from] item: Leftovers
|upkeep
|
|t:|1740510233
|switch|p2a: Jumpluff|Jumpluff, L87, M, tera:Steel|77/271
|turn|32
|c|☆epiccish|aint no mfing way
|
|t:|1740510242
|move|p2a: Jumpluff|Leech Seed|p1a: Pecharunt
|-start|p1a: Pecharunt|move: Leech Seed
|move|p1a: Pecharunt|Shadow Ball|p2a: Jumpluff
|-damage|p2a: Jumpluff|22/271
|
|-heal|p1a: Pecharunt|181/262|[from] item: Leftovers
|-damage|p1a: Pecharunt|149/262|[from] Leech Seed|[of] p2a: Jumpluff
|-heal|p2a: Jumpluff|54/271|[silent]
|upkeep
|turn|33
|c|☆RunninItBack|LOL
|
|t:|1740510252
|move|p2a: Jumpluff|Substitute|p2a: Jumpluff
|-fail|p2a: Jumpluff|move: Substitute|[weak]
|move|p1a: Pecharunt|Shadow Ball|p2a: Jumpluff
|-damage|p2a: Jumpluff|0 fnt
|faint|p2a: Jumpluff
|
|-heal|p1a: Pecharunt|165/262|[from] item: Leftovers
|upkeep
|c|☆RunninItBack|oops
|inactive|RunninItBack has 270 seconds left.
|
|t:|1740510266
|switch|p2a: Lugia|Lugia, L73|275/275
|turn|34
|c|☆epiccish|aint no mfing way
|
|t:|1740510275
|move|p2a: Lugia|Calm Mind|p2a: Lugia
|-boost|p2a: Lugia|spa|1
|-boost|p2a: Lugia|spd|1
|move|p1a: Pecharunt|Nasty Plot|p1a: Pecharunt
|-boost|p1a: Pecharunt|spa|2
|
|-heal|p1a: Pecharunt|181/262|[from] item: Leftovers
|-damage|p1a: Pecharunt|149/262|[from] Leech Seed|[of] p2a: Lugia
|upkeep
|turn|35
|
|t:|1740510287
|move|p2a: Lugia|Earth Power|p1a: Pecharunt
|-supereffective|p1a: Pecharunt
|-damage|p1a: Pecharunt|0 fnt
|faint|p1a: Pecharunt
|
|win|RunninItBack
|c|☆RunninItBack|gg
