|j|☆SlNGULARlTY
|j|☆Tomer4105
|t:|1740510227
|gametype|singles
|player|p1|SlNGULARlTY|koga|1193
|player|p2|Tomer4105|2|1312
|teamsize|p1|6
|teamsize|p2|6
|gen|9
|tier|[Gen 9] Almost Any Ability
|rated|
|rule|Species Clause: Limit one of each Pokémon
|rule|OHKO Clause: OHKO moves are banned
|rule|Evasion Moves Clause: Evasion moves are banned
|rule|Endless Battle Clause: Forcing endless battles is banned
|rule|HP Percentage Mod: HP is shown in percentages
|rule|1 Ability Clause: Limit 1 of each ability
|rule|Sleep Moves Clause: Sleep-inducing moves are banned
|rule|Terastal Clause: You cannot Terastallize
|clearpoke
|poke|p1|Corviknight, M|
|poke|p1|Deoxys-Speed|
|poke|p1|Azelf|
|poke|p1|Cinderace, F|
|poke|p1|Primarina, M|
|poke|p1|Roaring Moon|
|poke|p2|Samurott-Hisui, F|
|poke|p2|Landorus-Therian, M|
|poke|p2|Gholdengo|
|poke|p2|Kingambit, M|
|poke|p2|Zamazenta-*|
|poke|p2|Thundurus-Therian, M|
|teampreview
|inactive|Battle timer is ON: inactive players will automatically lose when time's up. (requested by SlNGULARlTY)
|
|t:|1740510240
|start
|switch|p1a: Azelf|Azelf|100/100
|switch|p2a: Gholdengo|Gholdengo|100/100
|-fieldstart|move: Psychic Terrain|[from] ability: Psychic Surge|[of] p1a: Azelf
|turn|1
|
|t:|1740510246
|move|p1a: Azelf|U-turn|p2a: Gholdengo
|-resisted|p2a: Gholdengo
|-damage|p2a: Gholdengo|98/100
|
|t:|1740510267
|switch|p1a: Roaring Moon|Roaring Moon|100/100|[from] U-turn
|move|p2a: Gholdengo|Shadow Ball|p1a: Roaring Moon
|-resisted|p1a: Roaring Moon
|-damage|p1a: Roaring Moon|87/100
|
|upkeep
|turn|2
|
|t:|1740510271
|move|p1a: Roaring Moon|Knock Off|p2a: Gholdengo
|-supereffective|p2a: Gholdengo
|-enditem|p2a: Gholdengo|Colbur Berry|[eat]
|-enditem|p2a: Gholdengo|Colbur Berry|[weaken]
|-damage|p2a: Gholdengo|62/100
|move|p2a: Gholdengo|Dazzling Gleam|p1a: Roaring Moon
|-supereffective|p1a: Roaring Moon
|-damage|p1a: Roaring Moon|4/100
|
|upkeep
|turn|3
|
|t:|1740510277
|move|p1a: Roaring Moon|U-turn|p2a: Gholdengo
|-resisted|p2a: Gholdengo
|-damage|p2a: Gholdengo|58/100
|
|t:|1740510280
|switch|p1a: Cinderace|Cinderace, F|100/100|[from] U-turn
|-weather|DesolateLand|[from] ability: Desolate Land|[of] p1a: Cinderace
|move|p2a: Gholdengo|Shadow Ball|p1a: Cinderace
|-damage|p1a: Cinderace|53/100
|
|-weather|DesolateLand|[upkeep]
|upkeep
|turn|4
|
|t:|1740510285
|switch|p2a: Samurott|Samurott-Hisui, F|100/100
|move|p1a: Cinderace|Pyro Ball|p2a: Samurott
|-resisted|p2a: Samurott
|-damage|p2a: Samurott|46/100
|
|-weather|DesolateLand|[upkeep]
|upkeep
|turn|5
|
|t:|1740510289
|move|p1a: Cinderace|Pyro Ball|p2a: Samurott
|-resisted|p2a: Samurott
|-damage|p2a: Samurott|0 fnt
|faint|p2a: Samurott
|
|-weather|DesolateLand|[upkeep]
|-fieldend|move: Psychic Terrain
|upkeep
|
|t:|1740510291
|switch|p2a: Landorus|Landorus-Therian, M|100/100
|-ability|p2a: Landorus|Mold Breaker
|turn|6
|
|t:|1740510295
|move|p1a: Cinderace|Will-O-Wisp|p2a: Landorus
|-status|p2a: Landorus|brn
|move|p2a: Landorus|Smack Down|p1a: Cinderace
|-supereffective|p1a: Cinderace
|-damage|p1a: Cinderace|27/100
|
|-weather|DesolateLand|[upkeep]
|-damage|p2a: Landorus|95/100 brn|[from] brn
|upkeep
|turn|7
|
|t:|1740510300
|-weather|none
|switch|p1a: Corviknight|Corviknight, M|100/100
|move|p2a: Landorus|Earthquake|p1a: Corviknight
|-immune|p1a: Corviknight
|
|-damage|p2a: Landorus|89/100 brn|[from] brn
|upkeep
|turn|8
|
|t:|1740510303
|move|p2a: Landorus|Stealth Rock|p1a: Corviknight
|-sidestart|p1: SlNGULARlTY|move: Stealth Rock
|move|p1a: Corviknight|U-turn|p2a: Landorus
|-resisted|p2a: Landorus
|-damage|p2a: Landorus|79/100 brn
|
|t:|1740510304
|switch|p1a: Cinderace|Cinderace, F|27/100|[from] U-turn
|-weather|DesolateLand|[from] ability: Desolate Land|[of] p1a: Cinderace
|
|-weather|DesolateLand|[upkeep]
|-damage|p2a: Landorus|74/100 brn|[from] brn
|upkeep
|turn|9
|
|t:|1740510306
|move|p1a: Cinderace|Court Change|p1a: Cinderace
|-swapsideconditions
|-activate|p1a: Cinderace|move: Court Change
|move|p2a: Landorus|Earthquake|p1a: Cinderace
|-supereffective|p1a: Cinderace
|-damage|p1a: Cinderace|0 fnt
|faint|p1a: Cinderace
|-weather|none
|
|-damage|p2a: Landorus|68/100 brn|[from] brn
|upkeep
|
|t:|1740510309
|switch|p1a: Roaring Moon|Roaring Moon|37/100
|turn|10
|
|t:|1740510311
|move|p1a: Roaring Moon|Taunt|p2a: Landorus
|-start|p2a: Landorus|move: Taunt
|cant|p2a: Landorus|move: Taunt|Stealth Rock
|
|-damage|p2a: Landorus|62/100 brn|[from] brn
|upkeep
|turn|11
|
|t:|1740510313
|move|p1a: Roaring Moon|U-turn|p2a: Landorus
|-resisted|p2a: Landorus
|-damage|p2a: Landorus|48/100 brn
|
|t:|1740510314
|switch|p1a: Corviknight|Corviknight, M|100/100|[from] U-turn
|move|p2a: Landorus|Smack Down|p1a: Corviknight
|-damage|p1a: Corviknight|94/100
|-start|p1a: Corviknight|Smack Down
|
|-damage|p2a: Landorus|42/100 brn|[from] brn
|upkeep
|turn|12
|
|t:|1740510316
|switch|p1a: Roaring Moon|Roaring Moon|71/100
|move|p2a: Landorus|Earthquake|p1a: Roaring Moon
|-damage|p1a: Roaring Moon|34/100
|
|-damage|p2a: Landorus|36/100 brn|[from] brn
|-end|p2a: Landorus|move: Taunt
|upkeep
|turn|13
|
|t:|1740510319
|move|p1a: Roaring Moon|Taunt|p2a: Landorus
|-start|p2a: Landorus|move: Taunt
|move|p2a: Landorus|Earthquake|p1a: Roaring Moon
|-damage|p1a: Roaring Moon|0 fnt
|faint|p1a: Roaring Moon
|
|-damage|p2a: Landorus|30/100 brn|[from] brn
|upkeep
|
|t:|1740510322
|switch|p1a: Deoxys|Deoxys-Speed|100/100
|turn|14
|
|t:|1740510329
|move|p1a: Deoxys|Psychic|p2a: Landorus
|-damage|p2a: Landorus|0 fnt
|faint|p2a: Landorus
|
|upkeep
|
|t:|1740510333
|switch|p2a: Kingambit|Kingambit, M|100/100
|-damage|p2a: Kingambit|94/100|[from] Stealth Rock
|turn|15
|
|t:|1740510335
|switch|p1a: Azelf|Azelf|100/100
|-fieldstart|move: Psychic Terrain|[from] ability: Psychic Surge|[of] p1a: Azelf
|move|p2a: Kingambit|Sucker Punch||[still]
|-fail|p2a: Kingambit
|
|upkeep
|turn|16
|
|t:|1740510340
|move|p1a: Azelf|Trick|p2a: Kingambit
|-activate|p1a: Azelf|move: Trick|[of] p2a: Kingambit
|-item|p2a: Kingambit|Choice Scarf|[from] move: Trick
|-item|p1a: Azelf|Black Glasses|[from] move: Trick
|move|p2a: Kingambit|Kowtow Cleave|p1a: Azelf
|-supereffective|p1a: Azelf
|-damage|p1a: Azelf|0 fnt
|faint|p1a: Azelf
|
|upkeep
|
|t:|1740510345
|switch|p1a: Primarina|Primarina, M|100/100
|turn|17
|
|t:|1740510354
|switch|p2a: Zamazenta|Zamazenta|100/100
|-damage|p2a: Zamazenta|94/100|[from] Stealth Rock
|-ability|p2a: Zamazenta|Sword of Ruin
|move|p1a: Primarina|Calm Mind|p1a: Primarina
|-boost|p1a: Primarina|spa|1
|-boost|p1a: Primarina|spd|1
|
|upkeep
|turn|18
|
|t:|1740510357
|move|p2a: Zamazenta|Stone Edge|p1a: Primarina
|-damage|p1a: Primarina|68/100
|-ability|p1a: Primarina|Stamina|boost
|-boost|p1a: Primarina|def|1
|move|p1a: Primarina|Calm Mind|p1a: Primarina
|-boost|p1a: Primarina|spa|1
|-boost|p1a: Primarina|spd|1
|
|upkeep
|turn|19
|
|t:|1740510360
|move|p2a: Zamazenta|Stone Edge|p1a: Primarina|[miss]
|-miss|p2a: Zamazenta|p1a: Primarina
|move|p1a: Primarina|Calm Mind|p1a: Primarina
|-boost|p1a: Primarina|spa|1
|-boost|p1a: Primarina|spd|1
|
|-fieldend|move: Psychic Terrain
|upkeep
|turn|20
|
|t:|1740510362
|move|p2a: Zamazenta|Stone Edge|p1a: Primarina
|-damage|p1a: Primarina|46/100
|-ability|p1a: Primarina|Stamina|boost
|-boost|p1a: Primarina|def|1
|move|p1a: Primarina|Draining Kiss|p2a: Zamazenta
|-supereffective|p2a: Zamazenta
|-damage|p2a: Zamazenta|0 fnt
|-heal|p1a: Primarina|100/100|[from] drain|[of] p2a: Zamazenta
|faint|p2a: Zamazenta
|
|upkeep
|
|t:|1740510365
|switch|p2a: Thundurus|Thundurus-Therian, M|100/100
|-damage|p2a: Thundurus|76/100|[from] Stealth Rock
|turn|21
|
|t:|1740510367
|move|p2a: Thundurus|Thunderbolt|p1a: Primarina
|-supereffective|p1a: Primarina
|-damage|p1a: Primarina|41/100
|-ability|p1a: Primarina|Stamina|boost
|-boost|p1a: Primarina|def|1
|move|p1a: Primarina|Draining Kiss|p2a: Thundurus
|-damage|p2a: Thundurus|0 fnt
|-heal|p1a: Primarina|87/100|[from] drain|[of] p2a: Thundurus
|faint|p2a: Thundurus
|
|upkeep
|
|t:|1740510375
|switch|p2a: Kingambit|Kingambit, M|94/100
|-damage|p2a: Kingambit|88/100|[from] Stealth Rock
|turn|22
|
|t:|1740510378
|move|p2a: Kingambit|Kowtow Cleave|p1a: Primarina
|-resisted|p1a: Primarina
|-damage|p1a: Primarina|70/100
|-ability|p1a: Primarina|Stamina|boost
|-boost|p1a: Primarina|def|1
|move|p1a: Primarina|Draining Kiss|p2a: Kingambit
|-damage|p2a: Kingambit|39/100
|-heal|p1a: Primarina|100/100|[from] drain|[of] p2a: Kingambit
|
|upkeep
|turn|23
|inactive|Tomer4105 has 120 seconds left.
|
|t:|1740510428
|move|p2a: Kingambit|Kowtow Cleave|p1a: Primarina
|-resisted|p1a: Primarina
|-damage|p1a: Primarina|87/100
|-ability|p1a: Primarina|Stamina|boost
|-boost|p1a: Primarina|def|1
|move|p1a: Primarina|Calm Mind|p1a: Primarina
|-boost|p1a: Primarina|spa|1
|-boost|p1a: Primarina|spd|1
|
|upkeep
|turn|24
|c|☆Tomer4105|Gg
|-message|Tomer4105 forfeited.
|
|win|SlNGULARlTY
|raw|SlNGULARlTY's rating: 1193 &rarr; <strong>1226</strong><br />(+33 for winning)
|raw|Tomer4105's rating: 1312 &rarr; <strong>1285</strong><br />(-27 for losing)
|l|☆Tomer4105
|player|p2|
