|j|☆test-on-calls
|j|☆pcord cypher
|t:|1740510087
|gametype|doubles
|player|p1|test-on-calls|101|1755
|player|p2|pcord cypher|1|1672
|teamsize|p1|6
|teamsize|p2|6
|gen|9
|tier|[Gen 9] VGC 2025 Reg G
|rated|
|rule|Species Clause: Limit one of each Pokémon
|rule|Item Clause: Limit 1 of each item
|clearpoke
|poke|p1|Whimsicott, L50, F|
|poke|p1|Groudon, L50|
|poke|p1|Flutter Mane, L50|
|poke|p1|Chi-Yu, L50|
|poke|p1|Annihilape, L50, F|
|poke|p1|Toxapex, L50, M|
|poke|p2|Kyogre, L50|
|poke|p2|Tornadus, L50, M|
|poke|p2|Dondozo, L50, F|
|poke|p2|Tatsugiri-Droopy, L50, M|
|poke|p2|Tsareena, L50, F|
|poke|p2|Chien-Pao, L50|
|teampreview|4
|j| Cactus soils
|inactive|Battle timer is ON: inactive players will automatically lose when time's up. (requested by test-on-calls)
|inactive|pcord cypher has 60 seconds left.
|
|t:|1740510135
|start
|switch|p1a: Whimsicott|Whimsicott, L50, F|100/100
|switch|p1b: Groudon|Groudon, L50, shiny|100/100
|switch|p2a: Tornadus|Tornadus, L50, M|100/100
|switch|p2b: Kyogre|Kyogre, L50|100/100
|-weather|RainDance|[from] ability: Drizzle|[of] p2b: Kyogre
|-weather|SunnyDay|[from] ability: Drought|[of] p1b: Groudon
|turn|1
|
|t:|1740510153
|-terastallize|p2b: Kyogre|Water
|-terastallize|p1b: Groudon|Water
|move|p1a: Whimsicott|Tailwind|p1a: Whimsicott
|-sidestart|p1: test-on-calls|move: Tailwind
|move|p2a: Tornadus|Tailwind|p2a: Tornadus
|-sidestart|p2: pcord cypher|move: Tailwind
|move|p2b: Kyogre|Water Spout|p1a: Whimsicott|[spread] p1a,p1b
|-resisted|p1a: Whimsicott
|-resisted|p1b: Groudon
|-damage|p1a: Whimsicott|43/100
|-damage|p1b: Groudon|80/100
|move|p1b: Groudon|Thunder Punch|p2b: Kyogre
|-supereffective|p2b: Kyogre
|-damage|p2b: Kyogre|31/100
|
|-weather|SunnyDay|[upkeep]
|upkeep
|turn|2
|
|t:|1740510167
|switch|p2b: Tsareena|Tsareena, L50, F|100/100
|move|p1a: Whimsicott|Encore||[still]
|cant|p2b: Tsareena|ability: Queenly Majesty|Encore|[of] p1a: Whimsicott
|move|p2a: Tornadus|Rain Dance|p2a: Tornadus
|-weather|RainDance
|move|p1b: Groudon|Thunder Punch|p2b: Tsareena
|-resisted|p2b: Tsareena
|-damage|p2b: Tsareena|82/100
|
|-weather|RainDance|[upkeep]
|upkeep
|turn|3
|
|t:|1740510177
|switch|p1b: Toxapex|Toxapex, L50, M|100/100
|move|p1a: Whimsicott|Moonblast|p2b: Tsareena
|-damage|p2b: Tsareena|35/100
|-unboost|p2b: Tsareena|spa|1
|move|p2a: Tornadus|Hurricane|p1a: Whimsicott
|-supereffective|p1a: Whimsicott
|-damage|p1a: Whimsicott|0 fnt
|faint|p1a: Whimsicott
|move|p2b: Tsareena|Power Whip|p1b: Toxapex
|-damage|p1b: Toxapex|57/100
|
|-weather|RainDance|[upkeep]
|-heal|p1b: Toxapex|62/100|[from] item: Leftovers
|upkeep
|
|t:|1740510181
|switch|p1a: Flutter Mane|Flutter Mane, L50, shiny|100/100
|turn|4
|
|t:|1740510191
|move|p1a: Flutter Mane|Dazzling Gleam|p2b: Tsareena|[spread] p2a,p2b
|-damage|p2a: Tornadus|40/100
|-damage|p2b: Tsareena|0 fnt
|faint|p2b: Tsareena
|move|p2a: Tornadus|Hurricane|p1a: Flutter Mane
|-damage|p1a: Flutter Mane|54/100
|move|p1b: Toxapex|Infestation|p2a: Tornadus
|-resisted|p2a: Tornadus
|-damage|p2a: Tornadus|38/100
|-activate|p2a: Tornadus|move: Infestation|[of] p1b: Toxapex
|
|-weather|RainDance|[upkeep]
|-heal|p1b: Toxapex|68/100|[from] item: Leftovers
|-damage|p2a: Tornadus|26/100|[from] move: Infestation|[partiallytrapped]
|-sideend|p1: test-on-calls|move: Tailwind
|-sideend|p2: pcord cypher|move: Tailwind
|upkeep
|
|t:|1740510199
|switch|p2b: Chien-Pao|Chien-Pao, L50|100/100
|-ability|p2b: Chien-Pao|Sword of Ruin
|turn|5
|
|t:|1740510209
|-end|p1a: Flutter Mane|Protosynthesis|[silent]
|switch|p1a: Groudon|Groudon, L50, shiny, tera:Water|80/100
|-weather|SunnyDay|[from] ability: Drought|[of] p1a: Groudon
|move|p2a: Tornadus|Tailwind|p2a: Tornadus
|-sidestart|p2: pcord cypher|move: Tailwind
|move|p2b: Chien-Pao|Lash Out|p1a: Groudon
|-damage|p1a: Groudon|24/100
|move|p1b: Toxapex|Infestation|p2b: Chien-Pao
|-supereffective|p2b: Chien-Pao
|-damage|p2b: Chien-Pao|90/100
|-activate|p2b: Chien-Pao|move: Infestation|[of] p1b: Toxapex
|
|-weather|SunnyDay|[upkeep]
|-heal|p1b: Toxapex|74/100|[from] item: Leftovers
|-damage|p2b: Chien-Pao|78/100|[from] move: Infestation|[partiallytrapped]
|-damage|p2a: Tornadus|14/100|[from] move: Infestation|[partiallytrapped]
|upkeep
|turn|6
|
|t:|1740510227
|move|p2a: Tornadus|Rain Dance|p2a: Tornadus
|-weather|RainDance
|move|p2b: Chien-Pao|Lash Out|p1a: Groudon
|-damage|p1a: Groudon|0 fnt
|faint|p1a: Groudon
|move|p1b: Toxapex|Infestation|p2b: Chien-Pao
|-supereffective|p2b: Chien-Pao
|-damage|p2b: Chien-Pao|68/100
|
|-weather|RainDance|[upkeep]
|-heal|p1b: Toxapex|79/100|[from] item: Leftovers
|-damage|p2b: Chien-Pao|55/100|[from] move: Infestation|[partiallytrapped]
|-damage|p2a: Tornadus|1/100|[from] move: Infestation|[partiallytrapped]
|upkeep
|
|t:|1740510230
|switch|p1a: Flutter Mane|Flutter Mane, L50, shiny|54/100
|turn|7
|l| Cactus soils
|
|t:|1740510242
|move|p1b: Toxapex|Baneful Bunker|p1b: Toxapex
|-singleturn|p1b: Toxapex|move: Protect
|move|p2b: Chien-Pao|Lash Out|p1a: Flutter Mane
|-damage|p1a: Flutter Mane|0 fnt
|faint|p1a: Flutter Mane
|-end|p1a: Flutter Mane|Protosynthesis|[silent]
|move|p2a: Tornadus|Hurricane|p1b: Toxapex
|-activate|p1b: Toxapex|move: Protect
|
|-weather|RainDance|[upkeep]
|-heal|p1b: Toxapex|85/100|[from] item: Leftovers
|-damage|p2b: Chien-Pao|43/100|[from] move: Infestation|[partiallytrapped]
|-damage|p2a: Tornadus|0 fnt|[from] move: Infestation|[partiallytrapped]
|faint|p2a: Tornadus
|upkeep
|
|t:|1740510245
|switch|p2a: Kyogre|Kyogre, L50, tera:Water|31/100
|turn|8
|
|t:|1740510254
|move|p2b: Chien-Pao|Lash Out|p1b: Toxapex
|-damage|p1b: Toxapex|25/100
|move|p2a: Kyogre|Origin Pulse|p1b: Toxapex
|-resisted|p1b: Toxapex
|-damage|p1b: Toxapex|0 fnt
|faint|p1b: Toxapex
|
|win|pcord cypher
|raw|test-on-calls's rating: 1755 &rarr; <strong>1730</strong><br />(-25 for losing)
|raw|pcord cypher's rating: 1672 &rarr; <strong>1697</strong><br />(+25 for winning)
|c|☆pcord cypher|gg
|c|☆test-on-calls|Gh
