|badge|p2|bronze|gen9pu|100-4
|uhtml|medal-msg|<div class="broadcast-blue">Curious what those medals under the avatar are? PS now has Ladder Seasons! For more information, check out the <a href="https://www.smogon.com/forums/threads/3740067/">thread on Smogon.</a></div>
|j|☆MotismaZ
|j|☆whistling
|t:|1740509547
|gametype|singles
|player|p1|MotismaZ|riley|1405
|player|p2|whistling|red|1581
|teamsize|p1|6
|teamsize|p2|6
|gen|9
|tier|[Gen 9] RU
|rated|
|rule|Species Clause: Limit one of each Pokémon
|rule|OHKO Clause: OHKO moves are banned
|rule|Evasion Items Clause: Evasion items are banned
|rule|Evasion Moves Clause: Evasion moves are banned
|rule|Endless Battle Clause: Forcing endless battles is banned
|rule|HP Percentage Mod: HP is shown in percentages
|rule|Sleep Moves Clause: Sleep-inducing moves are banned
|clearpoke
|poke|p1|Oricorio-Pom-Pom, M|
|poke|p1|Lucario, M|
|poke|p1|Azelf|
|poke|p1|Mimikyu, F|
|poke|p1|Jirachi|
|poke|p1|Empoleon, M|
|poke|p2|Rhyperior, M|
|poke|p2|Magnezone|
|poke|p2|Wo-Chien|
|poke|p2|Inteleon, F|
|poke|p2|Fezandipiti, M|
|poke|p2|Noivern, M|
|teampreview
|c|☆MotismaZ|glhf
|c|☆whistling|hf
|
|t:|1740509564
|start
|switch|p1a: Azelf|Azelf|100/100
|switch|p2a: Inteleon|Inteleon, F|100/100
|turn|1
|
|t:|1740509577
|move|p2a: Inteleon|Snipe Shot|p1a: Azelf
|-crit|p1a: Azelf
|-enditem|p1a: Azelf|Focus Sash
|-damage|p1a: Azelf|1/100
|move|p1a: Azelf|Stealth Rock|p2a: Inteleon
|-sidestart|p2: whistling|move: Stealth Rock
|
|upkeep
|turn|2
|
|t:|1740509595
|switch|p1a: Empoleon|Empoleon, M|100/100
|move|p2a: Inteleon|Dark Pulse|p1a: Empoleon
|-damage|p1a: Empoleon|72/100
|
|-heal|p1a: Empoleon|78/100|[from] item: Leftovers
|upkeep
|turn|3
|
|t:|1740509613
|switch|p2a: Magnezone|Magnezone|100/100
|-damage|p2a: Magnezone|94/100|[from] Stealth Rock
|move|p1a: Empoleon|Grass Knot|p2a: Magnezone
|-resisted|p2a: Magnezone
|-damage|p2a: Magnezone|72/100
|
|-heal|p1a: Empoleon|84/100|[from] item: Leftovers
|upkeep
|turn|4
|
|t:|1740509620
|move|p2a: Magnezone|Thunderbolt|p1a: Empoleon
|-supereffective|p1a: Empoleon
|-damage|p1a: Empoleon|0 fnt
|faint|p1a: Empoleon
|
|upkeep
|
|t:|1740509626
|switch|p1a: Lucario|Lucario, M|100/100
|turn|5
|
|t:|1740509653
|move|p1a: Lucario|Extreme Speed|p2a: Magnezone
|-resisted|p2a: Magnezone
|-damage|p2a: Magnezone|55/100
|-damage|p1a: Lucario|91/100|[from] item: Life Orb
|move|p2a: Magnezone|Thunderbolt|p1a: Lucario
|-damage|p1a: Lucario|0 fnt
|faint|p1a: Lucario
|
|upkeep
|
|t:|1740509666
|switch|p1a: Oricorio|Oricorio-Pom-Pom, M|100/100
|turn|6
|
|t:|1740509716
|-terastallize|p1a: Oricorio|Ground
|move|p1a: Oricorio|Quiver Dance|p1a: Oricorio
|-boost|p1a: Oricorio|spa|1
|-boost|p1a: Oricorio|spd|1
|-boost|p1a: Oricorio|spe|1
|move|p2a: Magnezone|Thunderbolt|p1a: Oricorio
|-immune|p1a: Oricorio
|
|upkeep
|turn|7
|inactive|Battle timer is ON: inactive players will automatically lose when time's up. (requested by whistling)
|
|t:|1740509741
|switch|p2a: Wo-Chien|Wo-Chien|100/100
|-damage|p2a: Wo-Chien|88/100|[from] Stealth Rock
|-ability|p2a: Wo-Chien|Tablets of Ruin
|move|p1a: Oricorio|Quiver Dance|p1a: Oricorio
|-boost|p1a: Oricorio|spa|1
|-boost|p1a: Oricorio|spd|1
|-boost|p1a: Oricorio|spe|1
|
|-heal|p2a: Wo-Chien|94/100|[from] item: Leftovers
|upkeep
|turn|8
|
|t:|1740509755
|move|p1a: Oricorio|Hurricane|p2a: Wo-Chien
|-supereffective|p2a: Wo-Chien
|-damage|p2a: Wo-Chien|10/100
|move|p2a: Wo-Chien|Leech Seed|p1a: Oricorio
|-start|p1a: Oricorio|move: Leech Seed
|
|-heal|p2a: Wo-Chien|17/100|[from] item: Leftovers
|-damage|p1a: Oricorio|88/100|[from] Leech Seed|[of] p2a: Wo-Chien
|-heal|p2a: Wo-Chien|28/100|[silent]
|upkeep
|turn|9
|
|t:|1740509767
|move|p1a: Oricorio|Hurricane|p2a: Wo-Chien
|-supereffective|p2a: Wo-Chien
|-damage|p2a: Wo-Chien|0 fnt
|faint|p2a: Wo-Chien
|
|upkeep
|
|t:|1740509771
|switch|p2a: Fezandipiti|Fezandipiti, M|100/100
|turn|10
|
|t:|1740509779
|-terastallize|p2a: Fezandipiti|Water
|move|p1a: Oricorio|Quiver Dance|p1a: Oricorio
|-boost|p1a: Oricorio|spa|1
|-boost|p1a: Oricorio|spd|1
|-boost|p1a: Oricorio|spe|1
|move|p2a: Fezandipiti|Alluring Voice|p1a: Oricorio
|-damage|p1a: Oricorio|78/100
|-start|p1a: Oricorio|confusion
|-status|p1a: Oricorio|tox|[from] ability: Toxic Chain|[of] p2a: Fezandipiti
|
|-damage|p1a: Oricorio|65/100 tox|[from] Leech Seed|[of] p2a: Fezandipiti
|-damage|p1a: Oricorio|59/100 tox|[from] psn
|upkeep
|turn|11
|j| Squeeby
|
|t:|1740509795
|-activate|p1a: Oricorio|confusion
|move|p1a: Oricorio|Revelation Dance|p2a: Fezandipiti
|-damage|p2a: Fezandipiti|41/100
|move|p2a: Fezandipiti|U-turn|p1a: Oricorio
|-damage|p1a: Oricorio|41/100 tox
|
|t:|1740509801
|switch|p2a: Magnezone|Magnezone|55/100|[from] U-turn
|-damage|p2a: Magnezone|49/100|[from] Stealth Rock
|
|-damage|p1a: Oricorio|28/100 tox|[from] Leech Seed|[of] p2a: Magnezone
|-heal|p2a: Magnezone|65/100|[silent]
|-damage|p1a: Oricorio|16/100 tox|[from] psn
|upkeep
|turn|12
|
|t:|1740509814
|-end|p1a: Oricorio|confusion
|move|p1a: Oricorio|Roost|p1a: Oricorio
|-heal|p1a: Oricorio|66/100 tox
|move|p2a: Magnezone|Volt Switch|p1a: Oricorio
|-immune|p1a: Oricorio
|
|-damage|p1a: Oricorio|54/100 tox|[from] Leech Seed|[of] p2a: Magnezone
|-heal|p2a: Magnezone|81/100|[silent]
|-damage|p1a: Oricorio|35/100 tox|[from] psn
|upkeep
|turn|13
|
|t:|1740509818
|move|p1a: Oricorio|Revelation Dance|p2a: Magnezone
|-supereffective|p2a: Magnezone
|-damage|p2a: Magnezone|0 fnt
|faint|p2a: Magnezone
|
|-damage|p1a: Oricorio|10/100 tox|[from] psn
|upkeep
|
|t:|1740509823
|switch|p2a: Noivern|Noivern, M|100/100
|turn|14
|
|t:|1740509826
|move|p1a: Oricorio|Hurricane|p2a: Noivern|[miss]
|-miss|p1a: Oricorio|p2a: Noivern
|move|p2a: Noivern|Defog|p1a: Oricorio
|-unboost|p1a: Oricorio|evasion|1
|-sideend|p2: whistling|Stealth Rock|[from] move: Defog|[of] p2a: Noivern
|
|-damage|p1a: Oricorio|0 fnt|[from] Leech Seed|[of] p2a: Noivern
|faint|p1a: Oricorio
|upkeep
|
|t:|1740509834
|switch|p1a: Jirachi|Jirachi|100/100
|turn|15
|
|t:|1740509839
|move|p1a: Jirachi|Iron Head|p2a: Noivern
|-damage|p2a: Noivern|60/100
|move|p2a: Noivern|Super Fang|p1a: Jirachi|[miss]
|-miss|p2a: Noivern|p1a: Jirachi
|
|upkeep
|turn|16
|
|t:|1740509844
|move|p1a: Jirachi|Iron Head|p2a: Noivern
|-damage|p2a: Noivern|21/100
|cant|p2a: Noivern|flinch
|
|upkeep
|turn|17
|
|t:|1740509848
|move|p1a: Jirachi|Iron Head|p2a: Noivern
|-damage|p2a: Noivern|0 fnt
|faint|p2a: Noivern
|
|upkeep
|
|t:|1740509850
|switch|p2a: Fezandipiti|Fezandipiti, M, tera:Water|41/100
|turn|18
|
|t:|1740509858
|switch|p1a: Azelf|Azelf|1/100
|move|p2a: Fezandipiti|Roost|p2a: Fezandipiti
|-heal|p2a: Fezandipiti|91/100
|
|upkeep
|turn|19
|
|t:|1740509871
|move|p1a: Azelf|Taunt|p2a: Fezandipiti
|-start|p2a: Fezandipiti|move: Taunt
|move|p2a: Fezandipiti|U-turn|p1a: Azelf
|-supereffective|p1a: Azelf
|-damage|p1a: Azelf|0 fnt
|faint|p1a: Azelf
|
|t:|1740509875
|switch|p2a: Inteleon|Inteleon, F|100/100|[from] U-turn
|
|upkeep
|
|t:|1740509878
|switch|p1a: Mimikyu|Mimikyu, F|100/100
|turn|20
|
|t:|1740509885
|switch|p2a: Rhyperior|Rhyperior, M|100/100
|move|p1a: Mimikyu|Swords Dance|p1a: Mimikyu
|-boost|p1a: Mimikyu|atk|2
|
|upkeep
|turn|21
|
|t:|1740509894
|move|p1a: Mimikyu|Play Rough|p2a: Rhyperior
|-damage|p2a: Rhyperior|60/100
|move|p2a: Rhyperior|Earthquake|p1a: Mimikyu
|-activate|p1a: Mimikyu|ability: Disguise
|-damage|p1a: Mimikyu|100/100
|detailschange|p1a: Mimikyu|Mimikyu-Busted, F
|-damage|p1a: Mimikyu|88/100|[from] pokemon: Mimikyu-Busted
|-enditem|p1a: Mimikyu|Red Card|[of] p2a: Rhyperior
|drag|p2a: Inteleon|Inteleon, F|100/100
|
|upkeep
|turn|22
|inactive|MotismaZ has 120 seconds left.
|
|t:|1740509926
|move|p2a: Inteleon|Snipe Shot|p1a: Mimikyu
|-crit|p1a: Mimikyu
|-damage|p1a: Mimikyu|0 fnt
|faint|p1a: Mimikyu
|
|upkeep
|inactive|MotismaZ has 120 seconds left.
|
|t:|1740509931
|switch|p1a: Jirachi|Jirachi|100/100
|turn|23
|
|t:|1740509934
|move|p1a: Jirachi|Iron Head|p2a: Inteleon
|-resisted|p2a: Inteleon
|-damage|p2a: Inteleon|68/100
|cant|p2a: Inteleon|flinch
|
|upkeep
|turn|24
|
|t:|1740509939
|move|p1a: Jirachi|Iron Head|p2a: Inteleon
|-resisted|p2a: Inteleon
|-damage|p2a: Inteleon|41/100
|cant|p2a: Inteleon|flinch
|
|upkeep
|turn|25
|
|t:|1740509943
|move|p1a: Jirachi|Iron Head|p2a: Inteleon
|-resisted|p2a: Inteleon
|-damage|p2a: Inteleon|10/100
|cant|p2a: Inteleon|flinch
|
|upkeep
|turn|26
|
|t:|1740509948
|move|p2a: Inteleon|Vacuum Wave|p1a: Jirachi
|-damage|p1a: Jirachi|86/100
|move|p1a: Jirachi|Iron Head|p2a: Inteleon
|-resisted|p2a: Inteleon
|-damage|p2a: Inteleon|0 fnt
|faint|p2a: Inteleon
|
|upkeep
|
|t:|1740509950
|switch|p2a: Rhyperior|Rhyperior, M|60/100
|turn|27
|
|t:|1740509953
|move|p1a: Jirachi|Iron Head|p2a: Rhyperior
|-supereffective|p2a: Rhyperior
|-damage|p2a: Rhyperior|32/100
|cant|p2a: Rhyperior|flinch
|
|-heal|p2a: Rhyperior|38/100|[from] item: Leftovers
|upkeep
|turn|28
|
|t:|1740509959
|move|p1a: Jirachi|Iron Head|p2a: Rhyperior
|-supereffective|p2a: Rhyperior
|-damage|p2a: Rhyperior|9/100
|cant|p2a: Rhyperior|flinch
|
|-heal|p2a: Rhyperior|15/100|[from] item: Leftovers
|upkeep
|turn|29
|
|t:|1740509964
|move|p1a: Jirachi|Iron Head|p2a: Rhyperior
|-supereffective|p2a: Rhyperior
|-damage|p2a: Rhyperior|0 fnt
|faint|p2a: Rhyperior
|
|upkeep
|
|t:|1740509967
|switch|p2a: Fezandipiti|Fezandipiti, M, tera:Water|91/100
|turn|30
|c|☆MotismaZ|love this mon
|
|t:|1740509970
|move|p1a: Jirachi|Iron Head|p2a: Fezandipiti
|-resisted|p2a: Fezandipiti
|-damage|p2a: Fezandipiti|73/100
|move|p2a: Fezandipiti|Calm Mind|p2a: Fezandipiti
|-boost|p2a: Fezandipiti|spa|1
|-boost|p2a: Fezandipiti|spd|1
|
|upkeep
|turn|31
|
|t:|1740509974
|move|p1a: Jirachi|Iron Head|p2a: Fezandipiti
|-resisted|p2a: Fezandipiti
|-damage|p2a: Fezandipiti|56/100
|cant|p2a: Fezandipiti|flinch
|
|upkeep
|turn|32
|
|t:|1740509979
|move|p1a: Jirachi|Iron Head|p2a: Fezandipiti
|-resisted|p2a: Fezandipiti
|-damage|p2a: Fezandipiti|41/100
|move|p2a: Fezandipiti|Calm Mind|p2a: Fezandipiti
|-boost|p2a: Fezandipiti|spa|1
|-boost|p2a: Fezandipiti|spd|1
|
|upkeep
|turn|33
|
|t:|1740509983
|move|p1a: Jirachi|Iron Head|p2a: Fezandipiti
|-resisted|p2a: Fezandipiti
|-damage|p2a: Fezandipiti|22/100
|move|p2a: Fezandipiti|Roost|p2a: Fezandipiti
|-heal|p2a: Fezandipiti|73/100
|
|upkeep
|turn|34
|
|t:|1740509988
|move|p1a: Jirachi|Iron Head|p2a: Fezandipiti
|-resisted|p2a: Fezandipiti
|-damage|p2a: Fezandipiti|55/100
|cant|p2a: Fezandipiti|flinch
|
|upkeep
|turn|35
|
|t:|1740510001
|move|p1a: Jirachi|Iron Head|p2a: Fezandipiti
|-resisted|p2a: Fezandipiti
|-damage|p2a: Fezandipiti|39/100
|cant|p2a: Fezandipiti|flinch
|
|upkeep
|turn|36
|
|t:|1740510006
|move|p1a: Jirachi|Iron Head|p2a: Fezandipiti
|-resisted|p2a: Fezandipiti
|-damage|p2a: Fezandipiti|22/100
|move|p2a: Fezandipiti|Roost|p2a: Fezandipiti
|-heal|p2a: Fezandipiti|72/100
|
|upkeep
|turn|37
|
|t:|1740510011
|move|p1a: Jirachi|Iron Head|p2a: Fezandipiti
|-resisted|p2a: Fezandipiti
|-damage|p2a: Fezandipiti|55/100
|cant|p2a: Fezandipiti|flinch
|
|upkeep
|turn|38
|
|t:|1740510015
|move|p1a: Jirachi|Iron Head|p2a: Fezandipiti
|-resisted|p2a: Fezandipiti
|-damage|p2a: Fezandipiti|39/100
|move|p2a: Fezandipiti|Roost|p2a: Fezandipiti
|-heal|p2a: Fezandipiti|89/100
|
|upkeep
|turn|39
|
|t:|1740510019
|move|p1a: Jirachi|Iron Head|p2a: Fezandipiti
|-resisted|p2a: Fezandipiti
|-damage|p2a: Fezandipiti|73/100
|cant|p2a: Fezandipiti|flinch
|
|upkeep
|turn|40
|
|t:|1740510025
|move|p1a: Jirachi|Iron Head|p2a: Fezandipiti
|-resisted|p2a: Fezandipiti
|-damage|p2a: Fezandipiti|56/100
|cant|p2a: Fezandipiti|flinch
|
|upkeep
|turn|41
|
|t:|1740510029
|move|p1a: Jirachi|Iron Head|p2a: Fezandipiti
|-resisted|p2a: Fezandipiti
|-damage|p2a: Fezandipiti|40/100
|cant|p2a: Fezandipiti|flinch
|
|upkeep
|turn|42
|
|t:|1740510034
|move|p1a: Jirachi|Iron Head|p2a: Fezandipiti
|-resisted|p2a: Fezandipiti
|-damage|p2a: Fezandipiti|22/100
|move|p2a: Fezandipiti|Roost|p2a: Fezandipiti
|-heal|p2a: Fezandipiti|72/100
|
|upkeep
|turn|43
|
|t:|1740510039
|move|p1a: Jirachi|Iron Head|p2a: Fezandipiti
|-resisted|p2a: Fezandipiti
|-damage|p2a: Fezandipiti|54/100
|move|p2a: Fezandipiti|Alluring Voice|p1a: Jirachi
|-resisted|p1a: Jirachi
|-damage|p1a: Jirachi|65/100
|
|upkeep
|turn|44
|c|☆whistling|gg
|
|t:|1740510044
|-activate|p1a: Jirachi|move: Struggle
|move|p1a: Jirachi|Struggle|p2a: Fezandipiti
|-damage|p2a: Fezandipiti|40/100
|-damage|p1a: Jirachi|40/100|[from] recoil
|move|p2a: Fezandipiti|Alluring Voice|p1a: Jirachi
|-resisted|p1a: Jirachi
|-damage|p1a: Jirachi|18/100
|
|upkeep
|turn|45
|c|☆MotismaZ|gg
|
|t:|1740510051
|-activate|p1a: Jirachi|move: Struggle
|move|p1a: Jirachi|Struggle|p2a: Fezandipiti
|-damage|p2a: Fezandipiti|27/100
|-damage|p1a: Jirachi|0 fnt|[from] recoil
|faint|p1a: Jirachi
|
|win|whistling
|raw|MotismaZ's rating: 1405 &rarr; <strong>1394</strong><br />(-11 for losing)
|raw|whistling's rating: 1581 &rarr; <strong>1592</strong><br />(+11 for winning)
|l|☆whistling
|player|p2|
|l|☆MotismaZ
|player|p1|
|l| Squeeby
