|j|☆spiderhider13
|j|☆kajashi
|html|<table width="100%"><tr><td align="left">spiderhider13</td><td align="right">kajashi</tr><tr><td align="left"><i class="fa fa-circle-o"></i> <i class="fa fa-circle-o"></i> </td><td align="right"><i class="fa fa-circle-o"></i> <i class="fa fa-circle"></i> </tr></table>
|uhtml|bestof|<h2><strong>Game 2</strong> of <a href="/game-bestof3-gen9vgc2025reggbo3-2307754064">a best-of-3</a></h2>
|t:|1740510046
|gametype|doubles
|player|p1|spiderhider13|bugcatcher-gen4dp|1218
|player|p2|kajashi|n|1337
|teamsize|p1|6
|teamsize|p2|6
|gen|9
|tier|[Gen 9] VGC 2025 Reg G (Bo3)
|rated|
|rule|Species Clause: Limit one of each Pokémon
|rule|Item Clause: Limit 1 of each item
|clearpoke
|poke|p1|Gallade, L50, M|
|poke|p1|Indeedee, L50, M|
|poke|p1|Iron Crown, L50|
|poke|p1|Tornadus, L50, M|
|poke|p1|Kyogre, L50|
|poke|p1|Ursaluna, L50, F|
|poke|p2|Flutter Mane, L50|
|poke|p2|Koraidon, L50|
|poke|p2|Amoonguss, L50, F|
|poke|p2|Incineroar, L50, F|
|poke|p2|Gothitelle, L50, F|
|poke|p2|Scream Tail, L50|
|teampreview|4
|showteam|p1|Gallade||ClearAmulet|Sharpness|SacredSword,TrickRoom,WideGuard,Imprison|||M|||50|,,,,,Fighting]Indeedee||PsychicSeed|PsychicSurge|ExpandingForce,Encore,TrickRoom,Protect|||M|||50|,,,,,Psychic]Iron Crown||BoosterEnergy|QuarkDrive|ExpandingForce,TachyonCutter,Substitute,Protect||||||50|,,,,,Psychic]Tornadus||CovertCloak|Prankster|BleakwindStorm,Tailwind,RainDance,Protect|||M|||50|,,,,,Flying]Kyogre||ChoiceSpecs|Drizzle|WaterSpout,OriginPulse,Thunder,IceBeam||||||50|,,,,,Stellar]Ursaluna||FlameOrb|Guts|HeadlongRush,Earthquake,Facade,Protect|||F|||50|,,,,,Ground
|showteam|p2|Flutter Mane||FocusSash|Protosynthesis|Protect,IcyWind,Moonblast,ShadowBall||||||50|,,,,,Normal]Koraidon||LifeOrb|OrichalcumPulse|Protect,FlameCharge,CloseCombat,FlareBlitz||||||50|,,,,,Fire]Amoonguss||MentalHerb|Regenerator|Protect,RagePowder,SludgeBomb,Spore|||F|||50|,,,,,Dark]Incineroar||SafetyGoggles|Intimidate|Protect,FlareBlitz,FakeOut,PartingShot|||F|||50|,,,,,Bug]Gothitelle||Leftovers|ShadowTag|Protect,Psychic,FakeOut,Taunt|||F|||50|,,,,,Water]Scream Tail||BoosterEnergy|Protosynthesis|Protect,Encore,Disable,PerishSong||||||50|,,,,,Dark
|inactive|Battle timer is ON: inactive players will automatically lose when time's up. (requested by spiderhider13)
|
|t:|1740510075
|start
|switch|p1a: Tornadus|Tornadus, L50, M|100/100
|switch|p1b: Kyogre|Kyogre, L50|100/100
|switch|p2a: Incineroar|Incineroar, L50, F|100/100
|switch|p2b: Flutter Mane|Flutter Mane, L50, shiny|100/100
|-weather|RainDance|[from] ability: Drizzle|[of] p1b: Kyogre
|-ability|p2a: Incineroar|Intimidate|boost
|-unboost|p1a: Tornadus|atk|1
|-unboost|p1b: Kyogre|atk|1
|turn|1
|
|t:|1740510099
|switch|p1b: Indeedee|Indeedee, L50, M|100/100
|-fieldstart|move: Psychic Terrain|[from] ability: Psychic Surge|[of] p1b: Indeedee
|-enditem|p1b: Indeedee|Psychic Seed
|-boost|p1b: Indeedee|spd|1|[from] item: Psychic Seed
|move|p2a: Incineroar|Fake Out|p1b: Indeedee
|-activate|p1b: Indeedee|move: Psychic Terrain
|move|p2b: Flutter Mane|Moonblast|p1b: Indeedee
|-damage|p1b: Indeedee|63/100
|-unboost|p1b: Indeedee|spa|1
|move|p1a: Tornadus|Bleakwind Storm|p2a: Incineroar|[spread] p2a,p2b
|-damage|p2a: Incineroar|72/100
|-damage|p2b: Flutter Mane|55/100
|
|-weather|RainDance|[upkeep]
|upkeep
|turn|2
|inactive|spiderhider13 has 30 seconds left.
|inactive|kajashi has 30 seconds left.
|
|t:|1740510130
|move|p1a: Tornadus|Tailwind|p1a: Tornadus
|-sidestart|p1: spiderhider13|move: Tailwind
|move|p1b: Indeedee|Encore|p2a: Incineroar
|-start|p2a: Incineroar|Encore
|move|p2b: Flutter Mane|Icy Wind|p1a: Tornadus|[spread] p1a,p1b
|-supereffective|p1a: Tornadus
|-damage|p1a: Tornadus|64/100
|-damage|p1b: Indeedee|50/100
|-unboost|p1b: Indeedee|spe|1
|move|p2a: Incineroar|Fake Out||[still]
|-hint|Fake Out only works on your first turn out.
|-fail|p2a: Incineroar
|
|-weather|RainDance|[upkeep]
|upkeep
|turn|3
|inactive|kajashi has 30 seconds left.
|
|t:|1740510163
|switch|p1b: Ursaluna|Ursaluna, L50, F|100/100
|switch|p2a: Koraidon|Koraidon, L50|100/100
|-weather|SunnyDay|[from] ability: Orichalcum Pulse|[of] p2a: Koraidon
|-activate|p2b: Flutter Mane|ability: Protosynthesis
|-start|p2b: Flutter Mane|protosynthesisspe
|-activate|p2a: Koraidon|Orichalcum Pulse|[source]
|move|p2b: Flutter Mane|Moonblast|p1b: Ursaluna
|-damage|p1b: Ursaluna|51/100
|move|p1a: Tornadus|Bleakwind Storm|p2a: Koraidon|[spread] p2a
|-miss|p1a: Tornadus|p2b: Flutter Mane
|-supereffective|p2a: Koraidon
|-damage|p2a: Koraidon|19/100
|-unboost|p2a: Koraidon|spe|1
|
|-weather|SunnyDay|[upkeep]
|-status|p1b: Ursaluna|brn|[from] item: Flame Orb
|upkeep
|turn|4
|inactive|spiderhider13 has 30 seconds left.
|inactive|kajashi has 30 seconds left.
|
|t:|1740510190
|switch|p2a: Incineroar|Incineroar, L50, F|72/100
|-ability|p2a: Incineroar|Intimidate|boost
|-unboost|p1a: Tornadus|atk|1
|-unboost|p1b: Ursaluna|atk|1
|move|p2b: Flutter Mane|Icy Wind|p1a: Tornadus|[spread] p1a,p1b
|-supereffective|p1a: Tornadus
|-supereffective|p1b: Ursaluna
|-damage|p1a: Tornadus|28/100
|-damage|p1b: Ursaluna|23/100 brn
|-unboost|p1b: Ursaluna|spe|1
|move|p1a: Tornadus|Bleakwind Storm|p2b: Flutter Mane|[spread] p2b
|-miss|p1a: Tornadus|p2a: Incineroar
|-damage|p2b: Flutter Mane|6/100
|move|p1b: Ursaluna|Earthquake|p2b: Flutter Mane|[spread] p2a,p2b
|-immune|p1a: Tornadus
|-supereffective|p2a: Incineroar
|-damage|p2a: Incineroar|0 fnt
|-damage|p2b: Flutter Mane|0 fnt
|faint|p2a: Incineroar
|faint|p2b: Flutter Mane
|-end|p2b: Flutter Mane|Protosynthesis|[silent]
|
|-weather|SunnyDay|[upkeep]
|-damage|p1b: Ursaluna|17/100 brn|[from] brn
|upkeep
|
|t:|1740510205
|switch|p2b: Amoonguss|Amoonguss, L50, F|100/100
|switch|p2a: Koraidon|Koraidon, L50|19/100
|-activate|p2a: Koraidon|ability: Orichalcum Pulse
|turn|5
|-message|kajashi forfeited.
|
|win|spiderhider13
||kajashi is ready for game 3.
||spiderhider13 is ready for game 3.
|uhtml|next|Next: <a href="/battle-gen9vgc2025reggbo3-2307758355"><strong>Game 3 of 3</strong></a>
|l|☆kajashi
|player|p2|
|l|☆spiderhider13
|player|p1|
