|j|☆krikitune fan
|j|☆aclaminhighwater
|t:|1740509883
|gametype|doubles
|player|p1|krikitune fan|gardenia|1292
|player|p2|aclaminhighwater|gentleman-gen1rb|1242
|teamsize|p1|6
|teamsize|p2|6
|gen|9
|tier|[Gen 9] Doubles OU
|rated|
|rule|Species Clause: Limit one of each Pokémon
|rule|OHKO Clause: OHKO moves are banned
|rule|Evasion Moves Clause: Evasion moves are banned
|rule|Gravity Sleep Clause: The combination of sleep-inducing moves with imperfect accuracy and Gravity or Gigantamax Orbeetle are banned
|rule|Endless Battle Clause: Forcing endless battles is banned
|rule|HP Percentage Mod: HP is shown in percentages
|rule|Evasion Abilities Clause: Evasion abilities are banned
|clearpoke
|poke|p1|Landorus, M|
|poke|p1|Ninetales-Alola, M|
|poke|p1|Kyurem|
|poke|p1|Ogerpon-Hearthflame, F|
|poke|p1|Kingambit, M|
|poke|p1|Iron Hands|
|poke|p2|Rillaboom, M|
|poke|p2|Gholdengo|
|poke|p2|Dipplin, F|
|poke|p2|Maushold-Four|
|poke|p2|Kingdra, F|
|poke|p2|Murkrow, M|
|teampreview
|
|t:|1740509894
|start
|switch|p1a: Landorus|Landorus, M|100/100
|switch|p1b: Ninetales|Ninetales-Alola, M|100/100
|switch|p2a: Kingdra|Kingdra, F|100/100
|switch|p2b: Murkrow|Murkrow, M|100/100
|-weather|Snow|[from] ability: Snow Warning|[of] p1b: Ninetales
|turn|1
|
|t:|1740509905
|move|p2b: Murkrow|Tailwind|p2b: Murkrow
|-sidestart|p2: aclaminhighwater|move: Tailwind
|move|p2a: Kingdra|Flash Cannon|p1b: Ninetales
|-supereffective|p1b: Ninetales
|-damage|p1b: Ninetales|4/100
|-unboost|p1b: Ninetales|spd|1
|move|p1b: Ninetales|Aurora Veil|p1b: Ninetales
|-sidestart|p1: krikitune fan|move: Aurora Veil
|move|p1a: Landorus|Earth Power|p2a: Kingdra
|-damage|p2a: Kingdra|16/100
|
|-weather|Snow|[upkeep]
|upkeep
|turn|2
|
|t:|1740509920
|move|p1b: Ninetales|Protect|p1b: Ninetales
|-singleturn|p1b: Ninetales|Protect
|move|p2b: Murkrow|Thunder Wave|p1b: Ninetales
|-activate|p1b: Ninetales|move: Protect
|move|p2a: Kingdra|Ice Beam|p1a: Landorus
|-supereffective|p1a: Landorus
|-damage|p1a: Landorus|8/100
|move|p1a: Landorus|Earth Power|p2a: Kingdra
|-damage|p2a: Kingdra|0 fnt
|faint|p2a: Kingdra
|
|-weather|Snow|[upkeep]
|upkeep
|
|t:|1740509925
|switch|p2a: Gholdengo|Gholdengo|100/100
|turn|3
|
|t:|1740509943
|move|p1a: Landorus|Protect|p1a: Landorus
|-singleturn|p1a: Landorus|Protect
|move|p2a: Gholdengo|Make It Rain|p1a: Landorus|[spread] p1b
|-activate|p1a: Landorus|move: Protect
|-supereffective|p1b: Ninetales
|-damage|p1b: Ninetales|0 fnt
|-unboost|p2a: Gholdengo|spa|1
|faint|p1b: Ninetales
|move|p2b: Murkrow|Foul Play|p1a: Landorus
|-activate|p1a: Landorus|move: Protect
|
|-weather|Snow|[upkeep]
|upkeep
|
|t:|1740509958
|switch|p1b: Kyurem|Kyurem|100/100
|-ability|p1b: Kyurem|Pressure
|turn|4
|
|t:|1740509970
|switch|p1a: Ogerpon|Ogerpon-Hearthflame, F|100/100
|-ability|p1a: Ogerpon|Mold Breaker
|move|p2b: Murkrow|Thunder Wave|p1b: Kyurem
|-status|p1b: Kyurem|par
|move|p2a: Gholdengo|Make It Rain|p1a: Ogerpon|[spread] p1a,p1b
|-resisted|p1a: Ogerpon
|-supereffective|p1b: Kyurem
|-damage|p1a: Ogerpon|88/100
|-damage|p1b: Kyurem|75/100 par
|-unboost|p2a: Gholdengo|spa|1
|move|p1b: Kyurem|Earth Power|p2a: Gholdengo
|-supereffective|p2a: Gholdengo
|-damage|p2a: Gholdengo|24/100
|
|-weather|Snow|[upkeep]
|-sideend|p2: aclaminhighwater|move: Tailwind
|upkeep
|turn|5
|
|t:|1740509989
|switch|p2a: Dipplin|Dipplin, F|100/100
|move|p2b: Murkrow|Thunder Wave|p1a: Ogerpon
|-status|p1a: Ogerpon|par
|move|p1a: Ogerpon|Ivy Cudgel|p2b: Murkrow|[anim] Ivy Cudgel Fire
|-crit|p2b: Murkrow
|-damage|p2b: Murkrow|0 fnt
|faint|p2b: Murkrow
|move|p1b: Kyurem|Freeze-Dry|p2a: Dipplin
|-supereffective|p2a: Dipplin
|-damage|p2a: Dipplin|7/100
|
|-weather|none
|upkeep
|
|t:|1740510000
|switch|p2b: Rillaboom|Rillaboom, M|100/100
|-fieldstart|move: Grassy Terrain|[from] ability: Grassy Surge|[of] p2b: Rillaboom
|turn|6
|
|t:|1740510011
|move|p2b: Rillaboom|Fake Out|p1a: Ogerpon
|-damage|p1a: Ogerpon|74/100 par
|cant|p1a: Ogerpon|flinch
|cant|p1b: Kyurem|par
|move|p2a: Dipplin|Dragon Tail|p1b: Kyurem
|-supereffective|p1b: Kyurem
|-damage|p1b: Kyurem|57/100 par
|drag|p1b: Kingambit|Kingambit, M|100/100
|-activate|p1b: Kingambit|ability: Supreme Overlord
|-start|p1b: Kingambit|fallen1|[silent]
|-item|p1b: Kingambit|Air Balloon
|
|-heal|p1a: Ogerpon|80/100 par|[from] Grassy Terrain
|-heal|p2a: Dipplin|13/100|[from] Grassy Terrain
|upkeep
|turn|7
|
|t:|1740510036
|move|p2b: Rillaboom|Brick Break|p1b: Kingambit
|-sideend|p1: krikitune fan|move: Aurora Veil
|-supereffective|p1b: Kingambit
|-damage|p1b: Kingambit|15/100
|-enditem|p1b: Kingambit|Air Balloon
|move|p1a: Ogerpon|Ivy Cudgel|p2b: Rillaboom|[anim] Ivy Cudgel Fire
|-supereffective|p2b: Rillaboom
|-crit|p2b: Rillaboom
|-damage|p2b: Rillaboom|0 fnt
|faint|p2b: Rillaboom
|move|p1b: Kingambit|Kowtow Cleave|p2a: Dipplin
|-damage|p2a: Dipplin|0 fnt
|faint|p2a: Dipplin
|
|-heal|p1a: Ogerpon|86/100 par|[from] Grassy Terrain
|-heal|p1b: Kingambit|22/100|[from] Grassy Terrain
|upkeep
|
|t:|1740510041
|switch|p2b: Maushold|Maushold-Four|100/100
|switch|p2a: Gholdengo|Gholdengo|24/100
|turn|8
|
|t:|1740510056
|-terastallize|p2b: Maushold|Normal
|move|p1a: Ogerpon|Spiky Shield|p1a: Ogerpon
|-singleturn|p1a: Ogerpon|move: Protect
|move|p1b: Kingambit|Sucker Punch|p2a: Gholdengo
|-supereffective|p2a: Gholdengo
|-damage|p2a: Gholdengo|0 fnt
|faint|p2a: Gholdengo
|move|p2b: Maushold|Population Bomb|p1b: Kingambit
|-resisted|p1b: Kingambit
|-damage|p1b: Kingambit|16/100
|-resisted|p1b: Kingambit
|-damage|p1b: Kingambit|10/100
|-resisted|p1b: Kingambit
|-damage|p1b: Kingambit|4/100
|-resisted|p1b: Kingambit
|-damage|p1b: Kingambit|0 fnt
|faint|p1b: Kingambit
|-end|p1b: Kingambit|fallen1|[silent]
|-hitcount|p1: Kingambit|4
|
|-heal|p1a: Ogerpon|92/100 par|[from] Grassy Terrain
|upkeep
|
|t:|1740510071
|switch|p1b: Landorus|Landorus, M|8/100
|turn|9
|
|t:|1740510076
|move|p1b: Landorus|Focus Blast|p2b: Maushold
|-supereffective|p2b: Maushold
|-damage|p2b: Maushold|0 fnt
|faint|p2b: Maushold
|
|win|krikitune fan
|raw|krikitune fan's rating: 1292 &rarr; <strong>1313</strong><br />(+21 for winning)
|raw|aclaminhighwater's rating: 1242 &rarr; <strong>1221</strong><br />(-21 for losing)
|l|☆aclaminhighwater
|player|p2|
|l|☆krikitune fan
|player|p1|
