|j|☆thing maker
|j|☆timer smimer
|t:|1740509794
|gametype|singles
|player|p1|thing maker|worker|1330
|player|p2|timer smimer|hiker-gen1rb|1310
|teamsize|p1|6
|teamsize|p2|6
|gen|9
|tier|[Gen 9] NU
|rated|
|rule|Species Clause: Limit one of each Pokémon
|rule|OHKO Clause: OHKO moves are banned
|rule|Evasion Items Clause: Evasion items are banned
|rule|Evasion Moves Clause: Evasion moves are banned
|rule|Endless Battle Clause: Forcing endless battles is banned
|rule|HP Percentage Mod: HP is shown in percentages
|rule|Sleep Moves Clause: Sleep-inducing moves are banned
|clearpoke
|poke|p1|Ninetales-Alola, F|
|poke|p1|Avalugg, M|
|poke|p1|Copperajah, M|
|poke|p1|Flygon, F|
|poke|p1|Basculegion, M|
|poke|p1|Porygon2|
|poke|p2|Hariyama, F|
|poke|p2|Munkidori, M|
|poke|p2|Porygon2|
|poke|p2|Vaporeon, F|
|poke|p2|Gligar, F|
|poke|p2|Scyther, M|
|teampreview
|l|☆timer smimer
|player|p2|
|inactive|Battle timer is ON: inactive players will automatically lose when time's up. (requested by thing maker)
|j|☆timer smimer
|inactive|timer smimer reconnected and has 145 seconds left.
|player|p2|timer smimer|hiker-gen1rb|
|inactive|timer smimer also wants the timer to be on.
|c|☆timer smimer|gl hf
|c|☆thing maker|gl
|
|t:|1740509818
|start
|switch|p1a: steel water 😱|Copperajah, M|100/100
|switch|p2a: Hariyama|Hariyama, F|100/100
|turn|1
|j| mienshaocopium3
|inactive|thing maker has 120 seconds left.
|
|t:|1740509859
|switch|p1a: winter arc 🗿|Avalugg, M|100/100
|move|p2a: Hariyama|Bulk Up|p2a: Hariyama
|-boost|p2a: Hariyama|atk|1
|-boost|p2a: Hariyama|def|1
|
|upkeep
|turn|2
|
|t:|1740509872
|move|p2a: Hariyama|Knock Off|p1a: winter arc 🗿
|-damage|p1a: winter arc 🗿|77/100
|-enditem|p1a: winter arc 🗿|Heavy-Duty Boots|[from] move: Knock Off|[of] p2a: Hariyama
|move|p1a: winter arc 🗿|Earthquake|p2a: Hariyama
|-damage|p2a: Hariyama|74/100
|
|-heal|p2a: Hariyama|80/100|[from] item: Leftovers
|upkeep
|turn|3
|
|t:|1740509877
|switch|p1a: those who snow 💀|Ninetales-Alola, F|100/100
|-weather|Snow|[from] ability: Snow Warning|[of] p1a: those who snow 💀
|move|p2a: Hariyama|Drain Punch|p1a: those who snow 💀
|-damage|p1a: those who snow 💀|46/100
|-heal|p2a: Hariyama|98/100|[from] drain|[of] p1a: those who snow 💀
|
|-weather|Snow|[upkeep]
|-heal|p2a: Hariyama|100/100|[from] item: Leftovers
|upkeep
|turn|4
|
|t:|1740509887
|move|p1a: those who snow 💀|Moonblast|p2a: Hariyama
|-supereffective|p2a: Hariyama
|-damage|p2a: Hariyama|1/100
|-unboost|p2a: Hariyama|spa|1
|move|p2a: Hariyama|Heavy Slam|p1a: those who snow 💀
|-supereffective|p1a: those who snow 💀
|-damage|p1a: those who snow 💀|0 fnt
|faint|p1a: those who snow 💀
|
|-weather|Snow|[upkeep]
|-heal|p2a: Hariyama|7/100|[from] item: Leftovers
|upkeep
|
|t:|1740509894
|switch|p1a: balkan rage 😡|Basculegion, M|100/100
|turn|5
|
|t:|1740509898
|move|p1a: balkan rage 😡|Shadow Ball|p2a: Hariyama
|-damage|p2a: Hariyama|0 fnt
|faint|p2a: Hariyama
|
|-weather|Snow|[upkeep]
|upkeep
|
|t:|1740509906
|switch|p2a: Scyther|Scyther, M|100/100
|turn|6
|
|t:|1740509915
|move|p2a: Scyther|Dual Wingbeat|p1a: balkan rage 😡
|-damage|p1a: balkan rage 😡|67/100
|-damage|p1a: balkan rage 😡|33/100
|-hitcount|p1a: balkan rage 😡|2
|move|p1a: balkan rage 😡|Surf|p2a: Scyther
|-crit|p2a: Scyther
|-damage|p2a: Scyther|0 fnt
|faint|p2a: Scyther
|
|-weather|Snow|[upkeep]
|-heal|p1a: balkan rage 😡|40/100|[from] item: Leftovers
|upkeep
|
|t:|1740509932
|switch|p2a: Munkidori|Munkidori, M|100/100
|turn|7
|
|t:|1740509937
|move|p2a: Munkidori|U-turn|p1a: balkan rage 😡
|-resisted|p1a: balkan rage 😡
|-damage|p1a: balkan rage 😡|33/100
|
|t:|1740509941
|switch|p2a: Vaporeon|Vaporeon, F|100/100|[from] U-turn
|move|p1a: balkan rage 😡|Shadow Ball|p2a: Vaporeon
|-damage|p2a: Vaporeon|66/100
|
|-weather|none
|-heal|p1a: balkan rage 😡|40/100|[from] item: Leftovers
|-heal|p2a: Vaporeon|73/100|[from] item: Leftovers
|upkeep
|turn|8
|
|t:|1740509946
|move|p1a: balkan rage 😡|Substitute|p1a: balkan rage 😡
|-start|p1a: balkan rage 😡|Substitute
|-damage|p1a: balkan rage 😡|15/100
|move|p2a: Vaporeon|Wish|p2a: Vaporeon
|
|-heal|p1a: balkan rage 😡|21/100|[from] item: Leftovers
|-heal|p2a: Vaporeon|79/100|[from] item: Leftovers
|upkeep
|turn|9
|
|t:|1740509948
|move|p1a: balkan rage 😡|Shadow Ball|p2a: Vaporeon
|-damage|p2a: Vaporeon|45/100
|move|p2a: Vaporeon|Roar|p1a: balkan rage 😡
|drag|p1a: german stare 😶|Flygon, F|100/100
|
|-heal|p2a: Vaporeon|95/100|[from] move: Wish|[wisher] Vaporeon
|-heal|p2a: Vaporeon|100/100|[from] item: Leftovers
|upkeep
|turn|10
|
|t:|1740509955
|move|p1a: german stare 😶|U-turn|p2a: Vaporeon
|-damage|p2a: Vaporeon|85/100
|
|t:|1740509958
|switch|p1a: balkan rage 😡|Basculegion, M|21/100|[from] U-turn
|move|p2a: Vaporeon|Scald|p1a: balkan rage 😡
|-resisted|p1a: balkan rage 😡
|-damage|p1a: balkan rage 😡|6/100
|-status|p1a: balkan rage 😡|brn
|
|-heal|p1a: balkan rage 😡|12/100 brn|[from] item: Leftovers
|-heal|p2a: Vaporeon|91/100|[from] item: Leftovers
|-damage|p1a: balkan rage 😡|6/100 brn|[from] brn
|upkeep
|turn|11
|l|☆timer smimer
|inactive|timer smimer disconnected and has a minute to reconnect!
|player|p2|
|j|☆timer smimer
|inactive|timer smimer reconnected and has 125 seconds left.
|player|p2|timer smimer|hiker-gen1rb|
|
|t:|1740509987
|move|p1a: balkan rage 😡|Shadow Ball|p2a: Vaporeon
|-damage|p2a: Vaporeon|57/100
|move|p2a: Vaporeon|Wish|p2a: Vaporeon
|
|-heal|p1a: balkan rage 😡|12/100 brn|[from] item: Leftovers
|-heal|p2a: Vaporeon|63/100|[from] item: Leftovers
|-damage|p1a: balkan rage 😡|6/100 brn|[from] brn
|upkeep
|turn|12
|c|☆timer smimer|sry about the connection
|
|t:|1740509996
|move|p1a: balkan rage 😡|Shadow Ball|p2a: Vaporeon
|-damage|p2a: Vaporeon|30/100
|move|p2a: Vaporeon|Scald|p1a: balkan rage 😡
|-resisted|p1a: balkan rage 😡
|-damage|p1a: balkan rage 😡|0 fnt
|faint|p1a: balkan rage 😡
|
|-heal|p2a: Vaporeon|80/100|[from] move: Wish|[wisher] Vaporeon
|-heal|p2a: Vaporeon|86/100|[from] item: Leftovers
|upkeep
|c|☆thing maker|it okie
|
|t:|1740510010
|switch|p1a: mango 🥭|Porygon2|100/100
|-ability|p1a: mango 🥭|Water Absorb|[from] ability: Trace|[of] p2a: Vaporeon
|turn|13
|
|t:|1740510019
|switch|p2a: Gligar|Gligar, F|100/100
|move|p1a: mango 🥭|Thunder Wave|p2a: Gligar
|-immune|p2a: Gligar
|
|upkeep
|turn|14
|
|t:|1740510026
|move|p2a: Gligar|Knock Off|p1a: mango 🥭
|-damage|p1a: mango 🥭|91/100
|-enditem|p1a: mango 🥭|Eviolite|[from] move: Knock Off|[of] p2a: Gligar
|move|p1a: mango 🥭|Ice Beam|p2a: Gligar
|-supereffective|p2a: Gligar
|-damage|p2a: Gligar|29/100
|
|upkeep
|turn|15
|
|t:|1740510033
|move|p2a: Gligar|Stealth Rock|p1a: mango 🥭
|-sidestart|p1: thing maker|move: Stealth Rock
|move|p1a: mango 🥭|Ice Beam|p2a: Gligar
|-supereffective|p2a: Gligar
|-damage|p2a: Gligar|0 fnt
|faint|p2a: Gligar
|
|upkeep
|
|t:|1740510040
|switch|p2a: Munkidori|Munkidori, M|100/100
|turn|16
|
|t:|1740510044
|switch|p1a: german stare 😶|Flygon, F|100/100
|-damage|p1a: german stare 😶|95/100|[from] Stealth Rock
|move|p2a: Munkidori|U-turn|p1a: german stare 😶
|-damage|p1a: german stare 😶|78/100
|
|t:|1740510051
|switch|p2a: Porygon2|Porygon2|100/100|[from] U-turn
|-ability|p2a: Porygon2|Levitate|[from] ability: Trace|[of] p1a: german stare 😶
|
|upkeep
|turn|17
|
|t:|1740510054
|move|p1a: german stare 😶|U-turn|p2a: Porygon2
|-damage|p2a: Porygon2|87/100
|
|t:|1740510058
|switch|p1a: steel water 😱|Copperajah, M|100/100|[from] U-turn
|-damage|p1a: steel water 😱|94/100|[from] Stealth Rock
|move|p2a: Porygon2|Tri Attack|p1a: steel water 😱
|-resisted|p1a: steel water 😱
|-damage|p1a: steel water 😱|84/100
|
|-heal|p1a: steel water 😱|90/100|[from] item: Leftovers
|upkeep
|turn|18
|
|t:|1740510063
|switch|p2a: Vaporeon|Vaporeon, F|86/100
|move|p1a: steel water 😱|Stealth Rock|p2a: Vaporeon
|-sidestart|p2: timer smimer|move: Stealth Rock
|
|-heal|p2a: Vaporeon|92/100|[from] item: Leftovers
|-heal|p1a: steel water 😱|97/100|[from] item: Leftovers
|upkeep
|turn|19
|
|t:|1740510066
|move|p2a: Vaporeon|Wish|p2a: Vaporeon
|move|p1a: steel water 😱|Knock Off|p2a: Vaporeon
|-damage|p2a: Vaporeon|72/100
|-enditem|p2a: Vaporeon|Leftovers|[from] move: Knock Off|[of] p1a: steel water 😱
|
|-heal|p1a: steel water 😱|100/100|[from] item: Leftovers
|upkeep
|turn|20
|
|t:|1740510071
|switch|p1a: mango 🥭|Porygon2|91/100
|-damage|p1a: mango 🥭|79/100|[from] Stealth Rock
|-ability|p1a: mango 🥭|Water Absorb|[from] ability: Trace|[of] p2a: Vaporeon
|move|p2a: Vaporeon|Scald|p1a: mango 🥭
|-heal|p1a: mango 🥭|100/100|[from] ability: Water Absorb|[of] p2a: Vaporeon
|
|-heal|p2a: Vaporeon|100/100|[from] move: Wish|[wisher] Vaporeon
|upkeep
|turn|21
|
|t:|1740510077
|move|p1a: mango 🥭|Thunder Wave|p2a: Vaporeon
|-status|p2a: Vaporeon|par
|cant|p2a: Vaporeon|par
|
|upkeep
|turn|22
|
|t:|1740510081
|move|p1a: mango 🥭|Shadow Ball|p2a: Vaporeon
|-damage|p2a: Vaporeon|85/100 par
|move|p2a: Vaporeon|Roar|p1a: mango 🥭
|drag|p1a: german stare 😶|Flygon, F|78/100
|-damage|p1a: german stare 😶|72/100|[from] Stealth Rock
|
|upkeep
|turn|23
|
|t:|1740510088
|move|p1a: german stare 😶|U-turn|p2a: Vaporeon
|-crit|p2a: Vaporeon
|-damage|p2a: Vaporeon|62/100 par
|
|t:|1740510093
|switch|p1a: mango 🥭|Porygon2|100/100|[from] U-turn
|-damage|p1a: mango 🥭|88/100|[from] Stealth Rock
|-ability|p1a: mango 🥭|Water Absorb|[from] ability: Trace|[of] p2a: Vaporeon
|move|p2a: Vaporeon|Wish|p2a: Vaporeon
|
|upkeep
|turn|24
|
|t:|1740510100
|move|p1a: mango 🥭|Shadow Ball|p2a: Vaporeon
|-damage|p2a: Vaporeon|47/100 par
|move|p2a: Vaporeon|Roar|p1a: mango 🥭
|drag|p1a: winter arc 🗿|Avalugg, M|77/100
|-damage|p1a: winter arc 🗿|52/100|[from] Stealth Rock
|
|-heal|p2a: Vaporeon|97/100 par|[from] move: Wish|[wisher] Vaporeon
|upkeep
|turn|25
|
|t:|1740510109
|switch|p1a: mango 🥭|Porygon2|88/100
|-damage|p1a: mango 🥭|76/100|[from] Stealth Rock
|-ability|p1a: mango 🥭|Water Absorb|[from] ability: Trace|[of] p2a: Vaporeon
|cant|p2a: Vaporeon|par
|
|upkeep
|turn|26
|
|t:|1740510116
|move|p1a: mango 🥭|Shadow Ball|p2a: Vaporeon
|-damage|p2a: Vaporeon|82/100 par
|-unboost|p2a: Vaporeon|spd|1
|move|p2a: Vaporeon|Wish|p2a: Vaporeon
|
|upkeep
|turn|27
|
|t:|1740510123
|move|p1a: mango 🥭|Ice Beam|p2a: Vaporeon
|-resisted|p2a: Vaporeon
|-damage|p2a: Vaporeon|70/100 par
|move|p2a: Vaporeon|Roar|p1a: mango 🥭
|drag|p1a: steel water 😱|Copperajah, M|100/100
|-damage|p1a: steel water 😱|94/100|[from] Stealth Rock
|
|-heal|p2a: Vaporeon|100/100 par|[from] move: Wish|[wisher] Vaporeon
|-heal|p1a: steel water 😱|100/100|[from] item: Leftovers
|upkeep
|turn|28
|
|t:|1740510133
|switch|p1a: mango 🥭|Porygon2|76/100
|-damage|p1a: mango 🥭|64/100|[from] Stealth Rock
|-ability|p1a: mango 🥭|Water Absorb|[from] ability: Trace|[of] p2a: Vaporeon
|move|p2a: Vaporeon|Scald|p1a: mango 🥭
|-heal|p1a: mango 🥭|88/100|[from] ability: Water Absorb|[of] p2a: Vaporeon
|
|upkeep
|turn|29
|
|t:|1740510137
|move|p1a: mango 🥭|Shadow Ball|p2a: Vaporeon
|-damage|p2a: Vaporeon|79/100 par
|move|p2a: Vaporeon|Roar|p1a: mango 🥭
|drag|p1a: winter arc 🗿|Avalugg, M|52/100
|-damage|p1a: winter arc 🗿|28/100|[from] Stealth Rock
|
|upkeep
|turn|30
|
|t:|1740510143
|move|p1a: winter arc 🗿|Recover|p1a: winter arc 🗿
|-heal|p1a: winter arc 🗿|78/100
|move|p2a: Vaporeon|Scald|p1a: winter arc 🗿
|-damage|p1a: winter arc 🗿|25/100
|
|upkeep
|turn|31
|
|t:|1740510148
|move|p1a: winter arc 🗿|Rapid Spin|p2a: Vaporeon
|-damage|p2a: Vaporeon|68/100 par
|-boost|p1a: winter arc 🗿|spe|1
|-sideend|p1: thing maker|Stealth Rock|[from] move: Rapid Spin|[of] p1a: winter arc 🗿
|move|p2a: Vaporeon|Roar|p1a: winter arc 🗿
|drag|p1a: mango 🥭|Porygon2|88/100
|-ability|p1a: mango 🥭|Water Absorb|[from] ability: Trace|[of] p2a: Vaporeon
|
|upkeep
|turn|32
|
|t:|1740510157
|switch|p2a: Porygon2|Porygon2|87/100
|-damage|p2a: Porygon2|75/100|[from] Stealth Rock
|-ability|p2a: Porygon2|Water Absorb|[from] ability: Trace|[of] p1a: mango 🥭
|move|p1a: mango 🥭|Shadow Ball|p2a: Porygon2
|-immune|p2a: Porygon2
|
|upkeep
|turn|33
|
|t:|1740510163
|move|p2a: Porygon2|Tri Attack|p1a: mango 🥭
|-damage|p1a: mango 🥭|67/100
|move|p1a: mango 🥭|Thunder Wave|p2a: Porygon2
|-status|p2a: Porygon2|par
|
|upkeep
|turn|34
|
|t:|1740510169
|move|p1a: mango 🥭|Ice Beam|p2a: Porygon2
|-damage|p2a: Porygon2|65/100 par
|move|p2a: Porygon2|Tri Attack|p1a: mango 🥭
|-damage|p1a: mango 🥭|45/100
|
|upkeep
|turn|35
|
|t:|1740510174
|move|p1a: mango 🥭|Recover|p1a: mango 🥭
|-heal|p1a: mango 🥭|95/100
|move|p2a: Porygon2|Recover|p2a: Porygon2
|-heal|p2a: Porygon2|100/100 par
|
|upkeep
|turn|36
|
|t:|1740510177
|move|p1a: mango 🥭|Ice Beam|p2a: Porygon2
|-damage|p2a: Porygon2|89/100 par
|cant|p2a: Porygon2|par
|
|upkeep
|turn|37
|
|t:|1740510181
|switch|p1a: steel water 😱|Copperajah, M|100/100
|switch|p2a: Munkidori|Munkidori, M|100/100
|-damage|p2a: Munkidori|88/100|[from] Stealth Rock
|
|upkeep
|turn|38
|
|t:|1740510184
|move|p2a: Munkidori|U-turn|p1a: steel water 😱
|-resisted|p1a: steel water 😱
|-damage|p1a: steel water 😱|94/100
|
|t:|1740510186
|switch|p2a: Vaporeon|Vaporeon, F|68/100 par|[from] U-turn
|-damage|p2a: Vaporeon|55/100 par|[from] Stealth Rock
|move|p1a: steel water 😱|Knock Off|p2a: Vaporeon
|-damage|p2a: Vaporeon|40/100 par
|
|-heal|p1a: steel water 😱|100/100|[from] item: Leftovers
|upkeep
|turn|39
|
|t:|1740510193
|move|p1a: steel water 😱|Knock Off|p2a: Vaporeon
|-crit|p2a: Vaporeon
|-damage|p2a: Vaporeon|21/100 par
|move|p2a: Vaporeon|Wish|p2a: Vaporeon
|
|upkeep
|turn|40
|
|t:|1740510198
|cant|p2a: Vaporeon|par
|move|p1a: steel water 😱|Whirlwind|p2a: Vaporeon
|drag|p2a: Porygon2|Porygon2|89/100 par
|-damage|p2a: Porygon2|77/100 par|[from] Stealth Rock
|-ability|p2a: Porygon2|Sheer Force|[from] ability: Trace|[of] p1a: steel water 😱
|
|-heal|p2a: Porygon2|100/100 par|[from] move: Wish|[wisher] Vaporeon
|upkeep
|turn|41
|
|t:|1740510208
|move|p1a: steel water 😱|Knock Off|p2a: Porygon2
|-damage|p2a: Porygon2|84/100 par
|-enditem|p2a: Porygon2|Eviolite|[from] move: Knock Off|[of] p1a: steel water 😱
|cant|p2a: Porygon2|par
|
|upkeep
|turn|42
|
|t:|1740510213
|move|p1a: steel water 😱|Iron Head|p2a: Porygon2
|-damage|p2a: Porygon2|41/100 par
|cant|p2a: Porygon2|par
|
|upkeep
|turn|43
|c|☆timer smimer|gg
|-message|timer smimer forfeited.
|
|win|thing maker
|raw|thing maker's rating: 1330 &rarr; <strong>1349</strong><br />(+19 for winning)
|raw|timer smimer's rating: 1310 &rarr; <strong>1291</strong><br />(-19 for losing)
|c|☆thing maker|ggwp
|l|☆timer smimer
|player|p2|
|l| mienshaocopium3
|l|☆thing maker
|player|p1|
