|j|☆Yunoiaj
|j|☆jesuschild1226
|t:|1740509861
|gametype|singles
|player|p1|Yunoiaj|265|1311
|player|p2|jesuschild1226|1|1334
|teamsize|p1|6
|teamsize|p2|6
|gen|9
|tier|[Gen 9] OU
|rated|
|rule|Species Clause: Limit one of each Pokémon
|rule|OHKO Clause: OHKO moves are banned
|rule|Evasion Items Clause: Evasion items are banned
|rule|Evasion Moves Clause: Evasion moves are banned
|rule|Endless Battle Clause: Forcing endless battles is banned
|rule|HP Percentage Mod: HP is shown in percentages
|rule|Sleep Moves Clause: Sleep-inducing moves are banned
|clearpoke
|poke|p1|Enamorus, F|
|poke|p1|Corviknight, F|
|poke|p1|Swampert, F|
|poke|p1|Darkrai|
|poke|p1|Infernape, M|
|poke|p1|Pecharunt|
|poke|p2|Kyurem|
|poke|p2|Alomomola, M|
|poke|p2|Slowking-Galar, F|
|poke|p2|Great Tusk|
|poke|p2|Ting-Lu|
|poke|p2|Darkrai|
|teampreview
|
|t:|1740509878
|start
|switch|p1a: Swampert|Swampert, F|100/100
|switch|p2a: Darkrai|Darkrai|100/100
|turn|1
|
|t:|1740509887
|move|p2a: Darkrai|Dark Pulse|p1a: Swampert
|-damage|p1a: Swampert|42/100
|move|p1a: Swampert|Flip Turn|p2a: Darkrai
|-damage|p2a: Darkrai|70/100
|
|t:|1740509892
|switch|p1a: Enamorus|Enamorus, F|100/100|[from] Flip Turn
|
|upkeep
|turn|2
|
|t:|1740509897
|switch|p2a: Slowking|Slowking-Galar, F|100/100
|move|p1a: Enamorus|Earth Power|p2a: Slowking
|-supereffective|p2a: Slowking
|-damage|p2a: Slowking|60/100
|
|upkeep
|turn|3
|
|t:|1740509922
|switch|p1a: Pecharunt|Pecharunt|100/100
|move|p2a: Slowking|Thunder Wave|p1a: Pecharunt
|-status|p1a: Pecharunt|par
|
|upkeep
|turn|4
|
|t:|1740509933
|cant|p1a: Pecharunt|par
|move|p2a: Slowking|Future Sight|p1a: Pecharunt
|-start|p2a: Slowking|move: Future Sight
|
|upkeep
|turn|5
|
|t:|1740509938
|move|p1a: Pecharunt|Parting Shot|p2a: Slowking
|-unboost|p2a: Slowking|atk|1
|-unboost|p2a: Slowking|spa|1
|
|t:|1740509949
|switch|p1a: Corviknight|Corviknight, F|100/100|[from] Parting Shot
|-ability|p1a: Corviknight|Pressure
|move|p2a: Slowking|Chilly Reception|p2a: Slowking
|-weather|Snow
|
|t:|1740509957
|switch|p2a: Darkrai|Darkrai|70/100|[from] Chilly Reception
|
|-weather|Snow|[upkeep]
|upkeep
|turn|6
|
|t:|1740509962
|-terastallize|p2a: Darkrai|Dark
|move|p2a: Darkrai|Dark Pulse|p1a: Corviknight
|-damage|p1a: Corviknight|32/100
|move|p1a: Corviknight|U-turn|p2a: Darkrai
|-supereffective|p2a: Darkrai
|-damage|p2a: Darkrai|32/100
|
|t:|1740509969
|switch|p1a: Darkrai|Darkrai|100/100|[from] U-turn
|
|-weather|Snow|[upkeep]
|-end|p1a: Darkrai|move: Future Sight
|-immune|p1a: Darkrai
|upkeep
|turn|7
|
|t:|1740509978
|switch|p2a: Ting-Lu|Ting-Lu|100/100
|-ability|p2a: Ting-Lu|Vessel of Ruin
|move|p1a: Darkrai|Ice Beam|p2a: Ting-Lu
|-supereffective|p2a: Ting-Lu
|-damage|p2a: Ting-Lu|58/100
|
|-weather|Snow|[upkeep]
|-heal|p2a: Ting-Lu|64/100|[from] item: Leftovers
|upkeep
|turn|8
|
|t:|1740509986
|switch|p2a: Slowking|Slowking-Galar, F|94/100
|move|p1a: Darkrai|Ice Beam|p2a: Slowking
|-damage|p2a: Slowking|74/100
|
|-weather|Snow|[upkeep]
|upkeep
|turn|9
|
|t:|1740509992
|switch|p1a: Swampert|Swampert, F|42/100
|move|p2a: Slowking|Chilly Reception|p2a: Slowking
|
|t:|1740509995
|switch|p2a: Darkrai|Darkrai, tera:Dark|32/100|[from] Chilly Reception
|
|-weather|none
|-heal|p1a: Swampert|48/100|[from] item: Leftovers
|upkeep
|turn|10
|
|t:|1740510006
|move|p2a: Darkrai|Dark Pulse|p1a: Swampert
|-damage|p1a: Swampert|0 fnt
|faint|p1a: Swampert
|
|upkeep
|
|t:|1740510013
|switch|p1a: Infernape|Infernape, M|100/100
|turn|11
|
|t:|1740510016
|switch|p2a: Alomomola|Alomomola, M|100/100
|move|p1a: Infernape|U-turn|p2a: Alomomola
|-damage|p2a: Alomomola|84/100
|-damage|p1a: Infernape|84/100|[from] item: Rocky Helmet|[of] p2a: Alomomola
|
|t:|1740510022
|switch|p1a: Darkrai|Darkrai|100/100|[from] U-turn
|
|upkeep
|turn|12
|
|t:|1740510028
|move|p2a: Alomomola|Protect|p2a: Alomomola
|-singleturn|p2a: Alomomola|Protect
|move|p1a: Darkrai|Nasty Plot|p1a: Darkrai
|-boost|p1a: Darkrai|spa|2
|
|upkeep
|turn|13
|
|t:|1740510032
|move|p1a: Darkrai|Dark Pulse|p2a: Alomomola
|-damage|p2a: Alomomola|0 fnt
|faint|p2a: Alomomola
|
|upkeep
|
|t:|1740510036
|switch|p2a: Ting-Lu|Ting-Lu|64/100
|-ability|p2a: Ting-Lu|Vessel of Ruin
|turn|14
|
|t:|1740510038
|move|p1a: Darkrai|Ice Beam|p2a: Ting-Lu
|-supereffective|p2a: Ting-Lu
|-damage|p2a: Ting-Lu|0 fnt
|faint|p2a: Ting-Lu
|
|upkeep
|
|t:|1740510048
|switch|p2a: Kyurem|Kyurem|100/100
|-ability|p2a: Kyurem|Pressure
|turn|15
|
|t:|1740510054
|move|p1a: Darkrai|Dark Pulse|p2a: Kyurem
|-damage|p2a: Kyurem|25/100
|move|p2a: Kyurem|Dragon Dance|p2a: Kyurem
|-boost|p2a: Kyurem|atk|1
|-boost|p2a: Kyurem|spe|1
|
|upkeep
|turn|16
|
|t:|1740510068
|switch|p1a: Pecharunt|Pecharunt|100/100 par
|move|p2a: Kyurem|Icicle Spear|p1a: Pecharunt
|-damage|p1a: Pecharunt|88/100 par
|-damage|p1a: Pecharunt|76/100 par
|-damage|p1a: Pecharunt|63/100 par
|-damage|p1a: Pecharunt|50/100 par
|-hitcount|p1a: Pecharunt|4
|
|upkeep
|turn|17
|
|t:|1740510073
|move|p2a: Kyurem|Icicle Spear|p1a: Pecharunt
|-damage|p1a: Pecharunt|38/100 par
|-damage|p1a: Pecharunt|24/100 par
|-damage|p1a: Pecharunt|12/100 par
|-damage|p1a: Pecharunt|0 fnt
|faint|p1a: Pecharunt
|-hitcount|p1: Pecharunt|4
|
|upkeep
|
|t:|1740510077
|switch|p1a: Infernape|Infernape, M|84/100
|turn|18
|
|t:|1740510080
|move|p1a: Infernape|Mach Punch|p2a: Kyurem
|-supereffective|p2a: Kyurem
|-damage|p2a: Kyurem|0 fnt
|faint|p2a: Kyurem
|
|upkeep
|
|t:|1740510087
|switch|p2a: Great Tusk|Great Tusk|100/100
|turn|19
|
|t:|1740510103
|switch|p1a: Corviknight|Corviknight, F|32/100
|-ability|p1a: Corviknight|Pressure
|move|p2a: Great Tusk|Knock Off|p1a: Corviknight
|-damage|p1a: Corviknight|6/100
|-enditem|p1a: Corviknight|Leftovers|[from] move: Knock Off|[of] p2a: Great Tusk
|
|upkeep
|turn|20
|
|t:|1740510108
|move|p2a: Great Tusk|Rapid Spin|p1a: Corviknight
|-resisted|p1a: Corviknight
|-damage|p1a: Corviknight|0 fnt
|-boost|p2a: Great Tusk|spe|1
|faint|p1a: Corviknight
|
|upkeep
|
|t:|1740510111
|switch|p1a: Enamorus|Enamorus, F|100/100
|turn|21
|
|t:|1740510114
|-end|p2a: Great Tusk|Protosynthesis|[silent]
|switch|p2a: Slowking|Slowking-Galar, F|100/100
|move|p1a: Enamorus|Moonblast|p2a: Slowking
|-resisted|p2a: Slowking
|-damage|p2a: Slowking|85/100
|
|upkeep
|turn|22
|
|t:|1740510119
|switch|p1a: Infernape|Infernape, M|84/100
|move|p2a: Slowking|Thunder Wave|p1a: Infernape
|-status|p1a: Infernape|par
|
|upkeep
|turn|23
|
|t:|1740510124
|move|p1a: Infernape|U-turn|p2a: Slowking
|-damage|p2a: Slowking|55/100
|
|t:|1740510131
|switch|p1a: Darkrai|Darkrai|100/100|[from] U-turn
|move|p2a: Slowking|Chilly Reception|p2a: Slowking
|-weather|Snow
|
|t:|1740510134
|switch|p2a: Great Tusk|Great Tusk|100/100|[from] Chilly Reception
|
|-weather|Snow|[upkeep]
|upkeep
|turn|24
|
|t:|1740510147
|move|p1a: Darkrai|Ice Beam|p2a: Great Tusk
|-supereffective|p2a: Great Tusk
|-damage|p2a: Great Tusk|0 fnt
|faint|p2a: Great Tusk
|-end|p2a: Great Tusk|Protosynthesis|[silent]
|
|-weather|Snow|[upkeep]
|upkeep
|
|t:|1740510153
|switch|p2a: Slowking|Slowking-Galar, F|88/100
|turn|25
|
|t:|1740510158
|move|p1a: Darkrai|Dark Pulse|p2a: Slowking
|-supereffective|p2a: Slowking
|-damage|p2a: Slowking|29/100
|move|p2a: Slowking|Thunder Wave|p1a: Darkrai
|-status|p1a: Darkrai|par
|
|-weather|Snow|[upkeep]
|upkeep
|turn|26
|
|t:|1740510162
|cant|p1a: Darkrai|par
|move|p2a: Slowking|Chilly Reception|p2a: Slowking
|
|t:|1740510164
|switch|p2a: Darkrai|Darkrai, tera:Dark|32/100|[from] Chilly Reception
|
|-weather|Snow|[upkeep]
|upkeep
|turn|27
|
|t:|1740510169
|move|p2a: Darkrai|Focus Blast|p1a: Darkrai
|-supereffective|p1a: Darkrai
|-damage|p1a: Darkrai|0 fnt
|faint|p1a: Darkrai
|
|-weather|none
|upkeep
|
|t:|1740510179
|switch|p1a: Enamorus|Enamorus, F|100/100
|turn|28
|
|t:|1740510186
|switch|p2a: Slowking|Slowking-Galar, F|62/100
|move|p1a: Enamorus|Earth Power|p2a: Slowking
|-supereffective|p2a: Slowking
|-damage|p2a: Slowking|24/100
|
|upkeep
|turn|29
|
|t:|1740510192
|move|p1a: Enamorus|Earth Power|p2a: Slowking
|-supereffective|p2a: Slowking
|-damage|p2a: Slowking|0 fnt
|faint|p2a: Slowking
|
|upkeep
|
|t:|1740510195
|switch|p2a: Darkrai|Darkrai, tera:Dark|32/100
|turn|30
|l|☆jesuschild1226
|player|p2|
|inactive|Battle timer is ON: inactive players will automatically lose when time's up. (requested by Yunoiaj)
|l|☆Yunoiaj
|inactive|Yunoiaj disconnected and has a minute to reconnect!
|player|p1|
|inactive|jesuschild1226 has 30 seconds to reconnect!
|inactive|jesuschild1226 has 20 seconds to reconnect!
|inactive|jesuschild1226 has 15 seconds to reconnect!
|inactive|jesuschild1226 has 10 seconds to reconnect!
|inactive|jesuschild1226 has 5 seconds to reconnect!
|-message|jesuschild1226 lost due to inactivity.
|
|win|Yunoiaj
|raw|Yunoiaj's rating: 1311 &rarr; <strong>1332</strong><br />(+21 for winning)
|raw|jesuschild1226's rating: 1334 &rarr; <strong>1313</strong><br />(-21 for losing)
