|j|☆Gutico
|j|☆0rion1798
|html|<table width="100%"><tr><td align="left">Gutico</td><td align="right">0rion1798</tr><tr><td align="left"><i class="fa fa-circle-o"></i> <i class="fa fa-circle-o"></i> </td><td align="right"><i class="fa fa-circle-o"></i> <i class="fa fa-circle-o"></i> </tr></table>
|uhtml|bestof|<h2><strong>Game 1</strong> of <a href="/game-bestof3-gen9vgc2025reggbo3-2307756099">a best-of-3</a></h2>
|t:|1740510005
|gametype|doubles
|player|p1|Gutico|170|1189
|player|p2|0rion1798|hexmaniac-gen6|1305
|teamsize|p1|6
|teamsize|p2|6
|gen|9
|tier|[Gen 9] VGC 2025 Reg G (Bo3)
|rated|
|rule|Species Clause: Limit one of each Pokémon
|rule|Item Clause: Limit 1 of each item
|clearpoke
|poke|p1|Brute Bonnet, L50|
|poke|p1|Koraidon, L50|
|poke|p1|Raging Bolt, L50|
|poke|p1|Flutter Mane, L50|
|poke|p1|Incineroar, L50, F|
|poke|p1|Landorus, L50, M|
|poke|p2|Weezing-Galar, L50, M|
|poke|p2|Dondozo, L50, M|
|poke|p2|Calyrex-Shadow, L50|
|poke|p2|Tatsugiri-Droopy, L50, M|
|poke|p2|Indeedee-F, L50, F|
|poke|p2|Urshifu-*, L50, F|
|teampreview|4
|showteam|p1|Brute Bonnet||LoadedDice|Protosynthesis|BulletSeed,LashOut,Spore,RagePowder||||||50|,,,,,Poison]Koraidon||ClearAmulet|OrichalcumPulse|CollisionCourse,FlareBlitz,Protect,FlameCharge||||||50|,,,,,Fire]Raging Bolt||AssaultVest|Protosynthesis|Thunderbolt,DracoMeteor,Thunderclap,Snarl||||||50|,,,,,Fairy]Flutter Mane||FocusSash|Protosynthesis|Moonblast,ShadowBall,IcyWind,Protect||||||50|,,,,,Fairy]Incineroar||SitrusBerry|Intimidate|FlareBlitz,KnockOff,FakeOut,PartingShot|||F|||50|,,,,,Water]Landorus||LifeOrb|SheerForce|SandsearStorm,EarthPower,SludgeBomb,Protect|||M|||50|,,,,,Poison
|showteam|p2|Weezing-Galar||MentalHerb|NeutralizingGas|ToxicSpikes,DazzlingGleam,PoisonGas,Protect|||M|||50|,,,,,Grass]Dondozo||Leftovers|Unaware|WaveCrash,OrderUp,Protect,BodyPress|||M|||50|,,,,,Grass]Calyrex-Shadow||LifeOrb|AsOneSpectrier|AstralBarrage,ExpandingForce,PollenPuff,Protect||||||50|,,,,,Normal]Tatsugiri-Droopy||FocusSash|Commander|DracoMeteor,MuddyWater,HelpingHand,Protect|||M|||50|,,,,,Stellar]Indeedee-F||SafetyGoggles|PsychicSurge|FollowMe,HelpingHand,Psyshock,TrickRoom|||F|||50|,,,,,Water]Urshifu-Rapid-Strike||ChoiceScarf|UnseenFist|SurgingStrikes,CloseCombat,RockTomb,Uturn|||F|||50|,,,,,Water
|inactive|Battle timer is ON: inactive players will automatically lose when time's up. (requested by 0rion1798)
|
|t:|1740510037
|start
|switch|p1a: Incineroar|Incineroar, L50, F|100/100
|switch|p1b: Raging Bolt|Raging Bolt, L50|100/100
|switch|p2a: Indeedee|Indeedee-F, L50, F|100/100
|switch|p2b: Calyrex|Calyrex-Shadow, L50|100/100
|-ability|p2b: Calyrex|As One
|-ability|p2b: Calyrex|Unnerve
|-fieldstart|move: Psychic Terrain|[from] ability: Psychic Surge|[of] p2a: Indeedee
|-ability|p1a: Incineroar|Intimidate|boost
|-unboost|p2a: Indeedee|atk|1
|-unboost|p2b: Calyrex|atk|1
|turn|1
|inactive|Gutico has 30 seconds left.
|inactive|0rion1798 has 30 seconds left.
|
|t:|1740510063
|move|p2b: Calyrex|Protect|p2b: Calyrex
|-singleturn|p2b: Calyrex|Protect
|move|p2a: Indeedee|Psyshock|p1b: Raging Bolt
|-damage|p1b: Raging Bolt|69/100
|move|p1b: Raging Bolt|Snarl|p2b: Calyrex|[spread] p2a
|-activate|p2b: Calyrex|move: Protect
|-supereffective|p2a: Indeedee
|-damage|p2a: Indeedee|70/100
|-unboost|p2a: Indeedee|spa|1
|move|p1a: Incineroar|Knock Off|p2b: Calyrex
|-activate|p2b: Calyrex|move: Protect
|
|upkeep
|turn|2
|
|t:|1740510073
|-terastallize|p2b: Calyrex|Normal
|move|p2a: Indeedee|Helping Hand|p2b: Calyrex
|-singleturn|p2b: Calyrex|Helping Hand|[of] p2a: Indeedee
|move|p2b: Calyrex|Expanding Force|p1b: Raging Bolt|[spread] p1b
|-immune|p1a: Incineroar
|-damage|p1b: Raging Bolt|0 fnt
|faint|p1b: Raging Bolt
|-end|p1b: Raging Bolt|Protosynthesis|[silent]
|-ability|p2b: Calyrex|Grim Neigh|boost
|-boost|p2b: Calyrex|spa|1
|-damage|p2b: Calyrex|91/100|[from] item: Life Orb
|move|p1a: Incineroar|Knock Off|p2b: Calyrex
|-damage|p2b: Calyrex|43/100
|-enditem|p2b: Calyrex|Life Orb|[from] move: Knock Off|[of] p1a: Incineroar
|
|upkeep
|
|t:|1740510085
|switch|p1b: Flutter Mane|Flutter Mane, L50|100/100
|turn|3
|
|t:|1740510094
|switch|p1a: Koraidon|Koraidon, L50|100/100
|-weather|SunnyDay|[from] ability: Orichalcum Pulse|[of] p1a: Koraidon
|-activate|p1b: Flutter Mane|ability: Protosynthesis
|-start|p1b: Flutter Mane|protosynthesisspe
|-activate|p1a: Koraidon|Orichalcum Pulse|[source]
|-terastallize|p1b: Flutter Mane|Fairy
|move|p2a: Indeedee|Follow Me|p2a: Indeedee
|-singleturn|p2a: Indeedee|move: Follow Me
|move|p1b: Flutter Mane|Moonblast|p2a: Indeedee
|-damage|p2a: Indeedee|9/100
|-unboost|p2a: Indeedee|spa|1
|move|p2b: Calyrex|Astral Barrage|p1b: Flutter Mane|[spread] p1a,p1b
|-damage|p1a: Koraidon|15/100
|-damage|p1b: Flutter Mane|17/100
|
|-weather|SunnyDay|[upkeep]
|upkeep
|turn|4
|
|t:|1740510112
|move|p2a: Indeedee|Follow Me|p2a: Indeedee
|-singleturn|p2a: Indeedee|move: Follow Me
|move|p1b: Flutter Mane|Icy Wind|p2b: Calyrex|[spread] p2a,p2b
|-damage|p2a: Indeedee|0 fnt
|-damage|p2b: Calyrex|28/100
|-unboost|p2b: Calyrex|spe|1
|faint|p2a: Indeedee
|move|p1a: Koraidon|Collision Course|p2b: Calyrex
|-supereffective|p2b: Calyrex
|-damage|p2b: Calyrex|0 fnt
|faint|p2b: Calyrex
|
|-weather|SunnyDay|[upkeep]
|upkeep
|
|t:|1740510119
|switch|p2b: Dondozo|Dondozo, L50, M|100/100
|switch|p2a: Tatsugiri|Tatsugiri-Droopy, L50, M, shiny|100/100
|-activate|p2a: Tatsugiri|ability: Commander|[of] p2b: Dondozo
|-boost|p2b: Dondozo|atk|2
|-boost|p2b: Dondozo|spa|2
|-boost|p2b: Dondozo|spe|2
|-boost|p2b: Dondozo|def|2
|-boost|p2b: Dondozo|spd|2
|turn|5
|
|t:|1740510134
|move|p1b: Flutter Mane|Moonblast|p2b: Dondozo
|-damage|p2b: Dondozo|70/100
|move|p1a: Koraidon|Collision Course|p2b: Dondozo
|-damage|p2b: Dondozo|51/100
|move|p2b: Dondozo|Body Press|p1b: Flutter Mane
|-resisted|p1b: Flutter Mane
|-damage|p1b: Flutter Mane|0 fnt
|faint|p1b: Flutter Mane
|-end|p1b: Flutter Mane|Protosynthesis|[silent]
|
|-weather|SunnyDay|[upkeep]
|-heal|p2b: Dondozo|57/100|[from] item: Leftovers
|-fieldend|move: Psychic Terrain
|upkeep
|
|t:|1740510142
|switch|p1b: Incineroar|Incineroar, L50, F|100/100
|-ability|p1b: Incineroar|Intimidate|boost
|-unboost|p2a: Tatsugiri|atk|1
|-unboost|p2b: Dondozo|atk|1
|turn|6
|
|t:|1740510150
|move|p2b: Dondozo|Protect|p2b: Dondozo
|-singleturn|p2b: Dondozo|Protect
|move|p1a: Koraidon|Collision Course|p2b: Dondozo
|-activate|p2b: Dondozo|move: Protect
|move|p1b: Incineroar|Knock Off|p2b: Dondozo
|-activate|p2b: Dondozo|move: Protect
|
|-weather|SunnyDay|[upkeep]
|-heal|p2b: Dondozo|63/100|[from] item: Leftovers
|upkeep
|turn|7
|
|t:|1740510158
|move|p1a: Koraidon|Collision Course|p2b: Dondozo
|-damage|p2b: Dondozo|42/100
|move|p2b: Dondozo|Body Press|p1b: Incineroar
|-supereffective|p1b: Incineroar
|-damage|p1b: Incineroar|1/100
|-enditem|p1b: Incineroar|Sitrus Berry|[eat]
|-heal|p1b: Incineroar|26/100|[from] item: Sitrus Berry
|move|p1b: Incineroar|Knock Off|p2b: Dondozo
|-damage|p2b: Dondozo|32/100
|-enditem|p2b: Dondozo|Leftovers|[from] move: Knock Off|[of] p1b: Incineroar
|
|-weather|none
|upkeep
|turn|8
|
|t:|1740510176
|move|p1a: Koraidon|Collision Course|p2b: Dondozo
|-damage|p2b: Dondozo|17/100
|move|p2b: Dondozo|Order Up|p1a: Koraidon
|-supereffective|p1a: Koraidon
|-damage|p1a: Koraidon|0 fnt
|faint|p1a: Koraidon
|-boost|p2b: Dondozo|def|1
|move|p1b: Incineroar|Knock Off|p2b: Dondozo
|-damage|p2b: Dondozo|12/100
|
|upkeep
|turn|9
|-message|Gutico forfeited.
|
|win|0rion1798
|l|☆Gutico
|player|p1|
||Gutico is ready for game 2.
||0rion1798 is ready for game 2.
|uhtml|next|Next: <a href="/battle-gen9vgc2025reggbo3-2307758111"><strong>Game 2 of 3</strong></a>
