|j|☆el phone kirito
|j|☆tea chai
|t:|1740509728
|gametype|singles
|player|p1|el phone kirito|veteran|1455
|player|p2|tea chai|iris|1465
|teamsize|p1|6
|teamsize|p2|6
|gen|9
|tier|[Gen 9] OU
|rated|
|rule|Species Clause: Limit one of each Pokémon
|rule|OHKO Clause: OHKO moves are banned
|rule|Evasion Items Clause: Evasion items are banned
|rule|Evasion Moves Clause: Evasion moves are banned
|rule|Endless Battle Clause: Forcing endless battles is banned
|rule|HP Percentage Mod: HP is shown in percentages
|rule|Sleep Moves Clause: Sleep-inducing moves are banned
|clearpoke
|poke|p1|Samurott-Hisui, M|
|poke|p1|Gliscor, F|
|poke|p1|Great Tusk|
|poke|p1|Tinkaton, F|
|poke|p1|Dragapult, F|
|poke|p1|Garganacl, M|
|poke|p2|Ogerpon-Wellspring, F|
|poke|p2|Corviknight, F|
|poke|p2|Haxorus, M|
|poke|p2|Ting-Lu|
|poke|p2|Slowking-Galar, F|
|poke|p2|Tauros-Paldea-Combat, M|
|teampreview
|
|t:|1740509745
|start
|switch|p1a: Dragapult|Dragapult, F|100/100
|switch|p2a: Ogerpon|Ogerpon-Wellspring, F|100/100
|turn|1
|
|t:|1740509754
|switch|p2a: Slowking|Slowking-Galar, F|100/100
|move|p1a: Dragapult|Will-O-Wisp|p2a: Slowking
|-status|p2a: Slowking|brn
|
|-damage|p2a: Slowking|94/100 brn|[from] brn
|upkeep
|turn|2
|
|t:|1740509769
|move|p1a: Dragapult|U-turn|p2a: Slowking
|-damage|p2a: Slowking|77/100 brn
|
|t:|1740509773
|switch|p1a: Tinkaton|Tinkaton, F|100/100|[from] U-turn
|-item|p1a: Tinkaton|Air Balloon
|move|p2a: Slowking|Chilly Reception|p2a: Slowking
|-weather|Snow
|
|t:|1740509783
|switch|p2a: Ogerpon|Ogerpon-Wellspring, F|100/100|[from] Chilly Reception
|
|-weather|Snow|[upkeep]
|upkeep
|turn|3
|
|t:|1740509787
|move|p2a: Ogerpon|Taunt|p1a: Tinkaton
|-start|p1a: Tinkaton|move: Taunt
|cant|p1a: Tinkaton|move: Taunt|Thunder Wave
|
|-weather|Snow|[upkeep]
|upkeep
|turn|4
|
|t:|1740509793
|switch|p1a: Dragapult|Dragapult, F|100/100
|move|p2a: Ogerpon|Knock Off|p1a: Dragapult
|-supereffective|p1a: Dragapult
|-damage|p1a: Dragapult|0 fnt
|-enditem|p1a: Dragapult|Heavy-Duty Boots|[from] move: Knock Off|[of] p2a: Ogerpon
|faint|p1a: Dragapult
|
|-weather|Snow|[upkeep]
|upkeep
|
|t:|1740509811
|switch|p1a: Samurott|Samurott-Hisui, M|100/100
|turn|5
|
|t:|1740509825
|-terastallize|p1a: Samurott|Poison
|move|p2a: Ogerpon|Horn Leech|p1a: Samurott
|-resisted|p1a: Samurott
|-damage|p1a: Samurott|75/100
|move|p1a: Samurott|Ceaseless Edge|p2a: Ogerpon|[miss]
|-miss|p1a: Samurott|p2a: Ogerpon
|
|-weather|Snow|[upkeep]
|upkeep
|turn|6
|
|t:|1740509835
|switch|p2a: Corviknight|Corviknight, F|100/100
|-ability|p2a: Corviknight|Pressure
|move|p1a: Samurott|Ceaseless Edge|p2a: Corviknight
|-damage|p2a: Corviknight|73/100
|-damage|p1a: Samurott|59/100|[from] item: Rocky Helmet|[of] p2a: Corviknight
|-sidestart|p2: tea chai|Spikes
|
|-weather|none
|upkeep
|turn|7
|
|t:|1740509849
|switch|p1a: Tinkaton|Tinkaton, F|100/100
|-item|p1a: Tinkaton|Air Balloon
|move|p2a: Corviknight|Defog|p1a: Tinkaton
|-unboost|p1a: Tinkaton|evasion|1
|-sideend|p2: tea chai|Spikes|[from] move: Defog|[of] p2a: Corviknight
|
|upkeep
|turn|8
|
|t:|1740509867
|switch|p2a: Slowking|Slowking-Galar, F|100/100 brn
|move|p1a: Tinkaton|Stealth Rock|p2a: Slowking
|-sidestart|p2: tea chai|move: Stealth Rock
|
|-damage|p2a: Slowking|94/100 brn|[from] brn
|upkeep
|turn|9
|
|t:|1740509886
|move|p1a: Tinkaton|Knock Off|p2a: Slowking
|-supereffective|p2a: Slowking
|-damage|p2a: Slowking|57/100 brn
|-enditem|p2a: Slowking|Heavy-Duty Boots|[from] move: Knock Off|[of] p1a: Tinkaton
|move|p2a: Slowking|Chilly Reception|p2a: Slowking
|-weather|Snow
|
|t:|1740509889
|switch|p2a: Ogerpon|Ogerpon-Wellspring, F|100/100|[from] Chilly Reception
|-damage|p2a: Ogerpon|88/100|[from] Stealth Rock
|
|-weather|Snow|[upkeep]
|upkeep
|turn|10
|
|t:|1740509898
|move|p2a: Ogerpon|Taunt|p1a: Tinkaton
|-start|p1a: Tinkaton|move: Taunt
|move|p1a: Tinkaton|Gigaton Hammer|p2a: Ogerpon
|-resisted|p2a: Ogerpon
|-damage|p2a: Ogerpon|59/100
|
|-weather|Snow|[upkeep]
|upkeep
|turn|11
|
|t:|1740509907
|move|p2a: Ogerpon|Ivy Cudgel|p1a: Tinkaton|[anim] Ivy Cudgel Water
|-damage|p1a: Tinkaton|29/100
|-enditem|p1a: Tinkaton|Air Balloon
|move|p1a: Tinkaton|Knock Off|p2a: Ogerpon
|-damage|p2a: Ogerpon|45/100
|
|-weather|Snow|[upkeep]
|upkeep
|turn|12
|
|t:|1740509913
|move|p2a: Ogerpon|Ivy Cudgel|p1a: Tinkaton|[anim] Ivy Cudgel Water
|-damage|p1a: Tinkaton|0 fnt
|faint|p1a: Tinkaton
|
|-weather|Snow|[upkeep]
|upkeep
|
|t:|1740509918
|switch|p1a: Samurott|Samurott-Hisui, M, tera:Poison|59/100
|turn|13
|
|t:|1740509928
|switch|p2a: Tauros|Tauros-Paldea-Combat, M, shiny|100/100
|-damage|p2a: Tauros|94/100|[from] Stealth Rock
|-ability|p2a: Tauros|Intimidate|boost
|-unboost|p1a: Samurott|atk|1
|move|p1a: Samurott|Ceaseless Edge|p2a: Tauros
|-resisted|p2a: Tauros
|-damage|p2a: Tauros|75/100
|-damage|p1a: Samurott|42/100|[from] item: Rocky Helmet|[of] p2a: Tauros
|-sidestart|p2: tea chai|Spikes
|
|-weather|none
|upkeep
|turn|14
|
|t:|1740509950
|switch|p1a: Gliscor|Gliscor, F|100/100
|move|p2a: Tauros|Throat Chop|p1a: Gliscor
|-damage|p1a: Gliscor|81/100
|-start|p1a: Gliscor|Throat Chop|[silent]
|
|-status|p1a: Gliscor|tox|[from] item: Toxic Orb
|upkeep
|turn|15
|
|t:|1740509955
|switch|p2a: Corviknight|Corviknight, F|73/100
|-damage|p2a: Corviknight|61/100|[from] Stealth Rock
|-ability|p2a: Corviknight|Pressure
|move|p1a: Gliscor|U-turn|p2a: Corviknight
|-resisted|p2a: Corviknight
|-damage|p2a: Corviknight|59/100
|-damage|p1a: Gliscor|64/100 tox|[from] item: Rocky Helmet|[of] p2a: Corviknight
|
|t:|1740509958
|switch|p1a: Garganacl|Garganacl, M|100/100|[from] U-turn
|
|upkeep
|turn|16
|
|t:|1740509961
|move|p2a: Corviknight|Defog|p1a: Garganacl
|-unboost|p1a: Garganacl|evasion|1
|-sideend|p2: tea chai|Spikes|[from] move: Defog|[of] p2a: Corviknight
|-sideend|p2: tea chai|Stealth Rock|[from] move: Defog|[of] p2a: Corviknight
|move|p1a: Garganacl|Curse|p1a: Garganacl
|-unboost|p1a: Garganacl|spe|1
|-boost|p1a: Garganacl|atk|1
|-boost|p1a: Garganacl|def|1
|
|upkeep
|turn|17
|
|t:|1740509964
|move|p2a: Corviknight|U-turn|p1a: Garganacl
|-damage|p1a: Garganacl|94/100
|
|t:|1740509986
|switch|p2a: Ting-Lu|Ting-Lu|100/100|[from] U-turn
|-ability|p2a: Ting-Lu|Vessel of Ruin
|move|p1a: Garganacl|Curse|p1a: Garganacl
|-unboost|p1a: Garganacl|spe|1
|-boost|p1a: Garganacl|atk|1
|-boost|p1a: Garganacl|def|1
|
|-heal|p1a: Garganacl|100/100|[from] item: Leftovers
|upkeep
|turn|18
|
|t:|1740509992
|move|p2a: Ting-Lu|Ruination|p1a: Garganacl
|-damage|p1a: Garganacl|50/100
|move|p1a: Garganacl|Salt Cure|p2a: Ting-Lu
|-resisted|p2a: Ting-Lu
|-damage|p2a: Ting-Lu|93/100
|-start|p2a: Ting-Lu|Salt Cure
|
|-heal|p1a: Garganacl|57/100|[from] item: Leftovers
|-damage|p2a: Ting-Lu|81/100|[from] Salt Cure
|upkeep
|turn|19
|
|t:|1740509996
|move|p2a: Ting-Lu|Ruination|p1a: Garganacl
|-damage|p1a: Garganacl|29/100
|move|p1a: Garganacl|Recover|p1a: Garganacl
|-heal|p1a: Garganacl|79/100
|
|-heal|p1a: Garganacl|85/100|[from] item: Leftovers
|-damage|p2a: Ting-Lu|68/100|[from] Salt Cure
|upkeep
|turn|20
|
|t:|1740509999
|move|p2a: Ting-Lu|Ruination|p1a: Garganacl
|-damage|p1a: Garganacl|43/100
|move|p1a: Garganacl|Earthquake|p2a: Ting-Lu
|-damage|p2a: Ting-Lu|46/100
|
|-heal|p1a: Garganacl|49/100|[from] item: Leftovers
|-damage|p2a: Ting-Lu|34/100|[from] Salt Cure
|upkeep
|turn|21
|
|t:|1740510005
|move|p2a: Ting-Lu|Ruination|p1a: Garganacl
|-damage|p1a: Garganacl|25/100
|move|p1a: Garganacl|Recover|p1a: Garganacl
|-heal|p1a: Garganacl|75/100
|
|-heal|p1a: Garganacl|81/100|[from] item: Leftovers
|-damage|p2a: Ting-Lu|21/100|[from] Salt Cure
|upkeep
|turn|22
|
|t:|1740510009
|move|p2a: Ting-Lu|Ruination|p1a: Garganacl
|-damage|p1a: Garganacl|41/100
|move|p1a: Garganacl|Curse|p1a: Garganacl
|-unboost|p1a: Garganacl|spe|1
|-boost|p1a: Garganacl|atk|1
|-boost|p1a: Garganacl|def|1
|
|-heal|p1a: Garganacl|47/100|[from] item: Leftovers
|-damage|p2a: Ting-Lu|9/100|[from] Salt Cure
|upkeep
|turn|23
|
|t:|1740510017
|move|p2a: Ting-Lu|Ruination|p1a: Garganacl
|-damage|p1a: Garganacl|24/100
|move|p1a: Garganacl|Recover|p1a: Garganacl
|-heal|p1a: Garganacl|74/100
|
|-heal|p1a: Garganacl|80/100|[from] item: Leftovers
|-damage|p2a: Ting-Lu|0 fnt|[from] Salt Cure
|faint|p2a: Ting-Lu
|upkeep
|
|t:|1740510053
|switch|p2a: Tauros|Tauros-Paldea-Combat, M, shiny|75/100
|-ability|p2a: Tauros|Intimidate|boost
|-unboost|p1a: Garganacl|atk|1
|turn|24
|
|t:|1740510058
|move|p2a: Tauros|Raging Bull|p1a: Garganacl
|-supereffective|p1a: Garganacl
|-damage|p1a: Garganacl|58/100
|move|p1a: Garganacl|Curse|p1a: Garganacl
|-unboost|p1a: Garganacl|spe|1
|-boost|p1a: Garganacl|atk|1
|-boost|p1a: Garganacl|def|1
|
|-heal|p1a: Garganacl|64/100|[from] item: Leftovers
|upkeep
|turn|25
|-message|tea chai forfeited.
|
|win|el phone kirito
|raw|el phone kirito's rating: 1455 &rarr; <strong>1476</strong><br />(+21 for winning)
|raw|tea chai's rating: 1465 &rarr; <strong>1444</strong><br />(-21 for losing)
|l|☆tea chai
|player|p2|
|l|☆el phone kirito
|player|p1|
