|j|☆ascet0
|j|☆ZeroCreation
|t:|1740509890
|gametype|singles
|player|p1|ascet0|265|1126
|player|p2|ZeroCreation|marlon|1131
|teamsize|p1|6
|teamsize|p2|6
|gen|9
|tier|[Gen 9] OU
|rated|
|rule|Species Clause: Limit one of each Pokémon
|rule|OHKO Clause: OHKO moves are banned
|rule|Evasion Items Clause: Evasion items are banned
|rule|Evasion Moves Clause: Evasion moves are banned
|rule|Endless Battle Clause: Forcing endless battles is banned
|rule|HP Percentage Mod: HP is shown in percentages
|rule|Sleep Moves Clause: Sleep-inducing moves are banned
|clearpoke
|poke|p1|Serperior, M|
|poke|p1|Kingambit, M|
|poke|p1|Diancie|
|poke|p1|Cobalion|
|poke|p1|Dewpider, M|
|poke|p1|Komala, F|
|poke|p2|Garganacl, F|
|poke|p2|Glimmora, F|
|poke|p2|Cinderace, M|
|poke|p2|Meowscarada, F|
|poke|p2|Great Tusk|
|poke|p2|Iron Valiant|
|teampreview
|
|t:|1740509900
|start
|switch|p1a: Dewpider|Dewpider, M|100/100
|switch|p2a: Glimmora|Glimmora, F, shiny|100/100
|turn|1
|
|t:|1740509904
|move|p2a: Glimmora|Mortal Spin|p1a: Dewpider
|-damage|p1a: Dewpider|86/100
|-status|p1a: Dewpider|psn
|move|p1a: Dewpider|Sticky Web|p2a: Glimmora
|-sidestart|p2: ZeroCreation|move: Sticky Web
|
|-damage|p1a: Dewpider|74/100 psn|[from] psn
|upkeep
|turn|2
|
|t:|1740509912
|move|p1a: Dewpider|Protect|p1a: Dewpider
|-singleturn|p1a: Dewpider|Protect
|move|p2a: Glimmora|Mortal Spin|p1a: Dewpider
|-activate|p1a: Dewpider|move: Protect
|
|-damage|p1a: Dewpider|61/100 psn|[from] psn
|upkeep
|turn|3
|
|t:|1740509919
|move|p2a: Glimmora|Mortal Spin|p1a: Dewpider
|-damage|p1a: Dewpider|48/100 psn
|-sideend|p2: ZeroCreation|Sticky Web|[from] move: Mortal Spin|[of] p2a: Glimmora
|move|p1a: Dewpider|Sticky Web|p2a: Glimmora
|-sidestart|p2: ZeroCreation|move: Sticky Web
|
|-damage|p1a: Dewpider|36/100 psn|[from] psn
|upkeep
|turn|4
|
|t:|1740509929
|move|p2a: Glimmora|Stealth Rock|p1a: Dewpider
|-sidestart|p1: ascet0|move: Stealth Rock
|move|p1a: Dewpider|Leech Life|p2a: Glimmora
|-resisted|p2a: Glimmora
|-damage|p2a: Glimmora|91/100
|-heal|p1a: Dewpider|46/100 psn|[from] drain|[of] p2a: Glimmora
|-activate|p2a: Glimmora|ability: Toxic Debris
|-sidestart|p1: ascet0|move: Toxic Spikes
|
|-damage|p1a: Dewpider|33/100 psn|[from] psn
|upkeep
|turn|5
|
|t:|1740509938
|move|p2a: Glimmora|Spikes|p1a: Dewpider
|-sidestart|p1: ascet0|Spikes
|move|p1a: Dewpider|Endeavor|p2a: Glimmora
|-damage|p2a: Glimmora|17/100
|-activate|p2a: Glimmora|ability: Toxic Debris
|-sidestart|p1: ascet0|move: Toxic Spikes
|
|-damage|p1a: Dewpider|21/100 psn|[from] psn
|upkeep
|turn|6
|
|t:|1740509947
|move|p1a: Dewpider|Protect|p1a: Dewpider
|-singleturn|p1a: Dewpider|Protect
|move|p2a: Glimmora|Spikes|p1a: Dewpider
|-sidestart|p1: ascet0|Spikes
|
|-damage|p1a: Dewpider|9/100 psn|[from] psn
|upkeep
|turn|7
|
|t:|1740509956
|move|p2a: Glimmora|Mortal Spin|p1a: Dewpider
|-damage|p1a: Dewpider|0 fnt
|-sideend|p2: ZeroCreation|Sticky Web|[from] move: Mortal Spin|[of] p2a: Glimmora
|faint|p1a: Dewpider
|
|upkeep
|
|t:|1740509959
|switch|p1a: Komala|Komala, F|100/100
|-damage|p1a: Komala|88/100|[from] Stealth Rock
|-damage|p1a: Komala|72/100|[from] Spikes
|-ability|p1a: Komala|Comatose
|turn|8
|
|t:|1740509970
|switch|p2a: Garganacl|Garganacl, F|100/100
|move|p1a: Komala|Rapid Spin|p2a: Garganacl
|-resisted|p2a: Garganacl
|-damage|p2a: Garganacl|88/100
|-boost|p1a: Komala|spe|1
|-sideend|p1: ascet0|Spikes|[from] move: Rapid Spin|[of] p1a: Komala
|-sideend|p1: ascet0|Toxic Spikes|[from] move: Rapid Spin|[of] p1a: Komala
|-sideend|p1: ascet0|Stealth Rock|[from] move: Rapid Spin|[of] p1a: Komala
|
|-heal|p2a: Garganacl|94/100|[from] item: Leftovers
|upkeep
|turn|9
|
|t:|1740509975
|switch|p1a: Serperior|Serperior, M|100/100
|move|p2a: Garganacl|Salt Cure|p1a: Serperior
|-damage|p1a: Serperior|83/100
|-start|p1a: Serperior|Salt Cure
|
|-heal|p1a: Serperior|89/100|[from] item: Leftovers
|-heal|p2a: Garganacl|99/100|[from] item: Leftovers
|-damage|p1a: Serperior|77/100|[from] Salt Cure
|upkeep
|turn|10
|
|t:|1740509980
|switch|p2a: Glimmora|Glimmora, F, shiny|17/100
|move|p1a: Serperior|Coil|p1a: Serperior
|-boost|p1a: Serperior|atk|1
|-boost|p1a: Serperior|def|1
|-boost|p1a: Serperior|accuracy|1
|
|-heal|p1a: Serperior|83/100|[from] item: Leftovers
|-damage|p1a: Serperior|71/100|[from] Salt Cure
|upkeep
|turn|11
|
|t:|1740509991
|move|p1a: Serperior|Iron Tail|p2a: Glimmora
|-supereffective|p2a: Glimmora
|-damage|p2a: Glimmora|0 fnt
|-activate|p2a: Glimmora|ability: Toxic Debris
|-sidestart|p1: ascet0|move: Toxic Spikes
|faint|p2a: Glimmora
|
|-heal|p1a: Serperior|77/100|[from] item: Leftovers
|-damage|p1a: Serperior|64/100|[from] Salt Cure
|upkeep
|
|t:|1740510004
|switch|p2a: Iron Valiant|Iron Valiant, shiny|100/100
|-enditem|p2a: Iron Valiant|Booster Energy
|-activate|p2a: Iron Valiant|ability: Quark Drive|[fromitem]
|-start|p2a: Iron Valiant|quarkdrivespe
|turn|12
|
|t:|1740510011
|move|p2a: Iron Valiant|Moonblast|p1a: Serperior
|-damage|p1a: Serperior|6/100
|move|p1a: Serperior|Iron Tail|p2a: Iron Valiant
|-supereffective|p2a: Iron Valiant
|-damage|p2a: Iron Valiant|8/100
|
|-heal|p1a: Serperior|12/100|[from] item: Leftovers
|-damage|p1a: Serperior|0 fnt|[from] Salt Cure
|faint|p1a: Serperior
|upkeep
|
|t:|1740510014
|switch|p1a: Komala|Komala, F|72/100
|-ability|p1a: Komala|Comatose
|turn|13
|
|t:|1740510019
|move|p2a: Iron Valiant|Aura Sphere|p1a: Komala
|-supereffective|p1a: Komala
|-damage|p1a: Komala|0 fnt
|faint|p1a: Komala
|
|upkeep
|
|t:|1740510024
|switch|p1a: Diancie|Diancie|100/100
|-status|p1a: Diancie|psn
|turn|14
|
|t:|1740510032
|move|p2a: Iron Valiant|Future Sight|p1a: Diancie
|-start|p2a: Iron Valiant|move: Future Sight
|move|p1a: Diancie|Flash Cannon|p2a: Iron Valiant
|-supereffective|p2a: Iron Valiant
|-damage|p2a: Iron Valiant|0 fnt
|faint|p2a: Iron Valiant
|-end|p2a: Iron Valiant|Quark Drive|[silent]
|
|-damage|p1a: Diancie|88/100 psn|[from] psn
|upkeep
|
|t:|1740510037
|switch|p2a: Garganacl|Garganacl, F|99/100
|turn|15
|
|t:|1740510040
|move|p1a: Diancie|Flash Cannon|p2a: Garganacl
|-supereffective|p2a: Garganacl
|-crit|p2a: Garganacl
|-damage|p2a: Garganacl|28/100
|move|p2a: Garganacl|Salt Cure|p1a: Diancie
|-damage|p1a: Diancie|76/100 psn
|-start|p1a: Diancie|Salt Cure
|
|-heal|p2a: Garganacl|34/100|[from] item: Leftovers
|-damage|p1a: Diancie|64/100 psn|[from] psn
|-damage|p1a: Diancie|52/100 psn|[from] Salt Cure
|upkeep
|turn|16
|
|t:|1740510049
|switch|p2a: Cinderace|Cinderace, M, shiny|100/100
|move|p1a: Diancie|Flash Cannon|p2a: Cinderace
|-resisted|p2a: Cinderace
|-damage|p2a: Cinderace|73/100
|
|-end|p1a: Diancie|move: Future Sight
|-damage|p1a: Diancie|21/100 psn
|-damage|p1a: Diancie|8/100 psn|[from] psn
|-damage|p1a: Diancie|0 fnt|[from] Salt Cure
|faint|p1a: Diancie
|upkeep
|
|t:|1740510053
|switch|p1a: Cobalion|Cobalion|100/100
|turn|17
|
|t:|1740510060
|-terastallize|p1a: Cobalion|Flying
|move|p2a: Cinderace|Pyro Ball|p1a: Cobalion
|-damage|p1a: Cobalion|67/100
|move|p1a: Cobalion|Thunder Wave|p2a: Cinderace
|-status|p2a: Cinderace|par
|
|upkeep
|turn|18
|
|t:|1740510070
|switch|p2a: Garganacl|Garganacl, F|34/100
|move|p1a: Cobalion|Iron Defense|p1a: Cobalion
|-boost|p1a: Cobalion|def|2
|
|-heal|p2a: Garganacl|41/100|[from] item: Leftovers
|upkeep
|turn|19
|
|t:|1740510079
|move|p1a: Cobalion|Body Press|p2a: Garganacl
|-supereffective|p2a: Garganacl
|-damage|p2a: Garganacl|0 fnt
|faint|p2a: Garganacl
|
|upkeep
|
|t:|1740510087
|switch|p2a: Meowscarada|Meowscarada, F, shiny|100/100
|turn|20
|
|t:|1740510094
|move|p2a: Meowscarada|Leech Seed|p1a: Cobalion
|-start|p2a: Meowscarada|typechange|Grass|[from] ability: Protean
|-start|p1a: Cobalion|move: Leech Seed
|move|p1a: Cobalion|Thunder Wave|p2a: Meowscarada
|-status|p2a: Meowscarada|par
|
|-damage|p1a: Cobalion|54/100|[from] Leech Seed|[of] p2a: Meowscarada
|upkeep
|turn|21
|
|t:|1740510101
|switch|p2a: Great Tusk|Great Tusk|100/100
|move|p1a: Cobalion|Body Press|p2a: Great Tusk
|-crit|p2a: Great Tusk
|-damage|p2a: Great Tusk|0 fnt
|-damage|p1a: Cobalion|38/100|[from] item: Rocky Helmet|[of] p2a: Great Tusk
|faint|p2a: Great Tusk
|-end|p2a: Great Tusk|Protosynthesis|[silent]
|
|upkeep
|
|t:|1740510103
|switch|p2a: Meowscarada|Meowscarada, F, shiny|100/100 par
|turn|22
|-message|ZeroCreation forfeited.
|
|win|ascet0
|raw|ascet0's rating: 1126 &rarr; <strong>1151</strong><br />(+25 for winning)
|raw|ZeroCreation's rating: 1131 &rarr; <strong>1106</strong><br />(-25 for losing)
|l|☆ZeroCreation
|player|p2|
|l|☆ascet0
|player|p1|
