|j|☆abGodc
|j|☆MiamiFrauds
|t:|1740510133
|gametype|singles
|player|p1|abGodc|iris-gen5bw2|1727
|player|p2|MiamiFrauds|101|1693
|teamsize|p1|6
|teamsize|p2|6
|gen|9
|tier|[Gen 9] OU
|rated|
|rule|Species Clause: Limit one of each Pokémon
|rule|OHKO Clause: OHKO moves are banned
|rule|Evasion Items Clause: Evasion items are banned
|rule|Evasion Moves Clause: Evasion moves are banned
|rule|Endless Battle Clause: Forcing endless battles is banned
|rule|HP Percentage Mod: HP is shown in percentages
|rule|Sleep Moves Clause: Sleep-inducing moves are banned
|clearpoke
|poke|p1|Iron Crown|
|poke|p1|Primarina, F|
|poke|p1|Dragonite, M|
|poke|p1|Ting-Lu|
|poke|p1|Great Tusk|
|poke|p1|Raging Bolt|
|poke|p2|Lokix, M|
|poke|p2|Gliscor, F|
|poke|p2|Kyurem|
|poke|p2|Slowking-Galar, M|
|poke|p2|Kingambit, M|
|poke|p2|Great Tusk|
|teampreview
|inactive|Battle timer is ON: inactive players will automatically lose when time's up. (requested by MiamiFrauds)
|inactive|abGodc also wants the timer to be on.
|
|t:|1740510145
|start
|switch|p1a: 4 PLATINUM ALBUMS|Iron Crown|100/100
|switch|p2a: Slowking|Slowking-Galar, M|100/100
|turn|1
|
|t:|1740510149
|move|p1a: 4 PLATINUM ALBUMS|Volt Switch|p2a: Slowking
|-damage|p2a: Slowking|79/100
|
|t:|1740510171
|-end|p1a: 4 PLATINUM ALBUMS|Quark Drive|[silent]
|switch|p1a: PAST TRUNKS|Great Tusk|100/100|[from] Volt Switch
|move|p2a: Slowking|Chilly Reception|p2a: Slowking
|-weather|Snow
|
|t:|1740510178
|switch|p2a: Kyurem|Kyurem|100/100|[from] Chilly Reception
|-ability|p2a: Kyurem|Pressure
|
|-weather|Snow|[upkeep]
|upkeep
|turn|2
|
|t:|1740510187
|-end|p1a: PAST TRUNKS|Protosynthesis|[silent]
|switch|p1a: 4 PLATINUM ALBUMS|Iron Crown|100/100
|move|p2a: Kyurem|Blizzard|p1a: 4 PLATINUM ALBUMS
|-resisted|p1a: 4 PLATINUM ALBUMS
|-crit|p1a: 4 PLATINUM ALBUMS
|-damage|p1a: 4 PLATINUM ALBUMS|36/100
|
|-weather|Snow|[upkeep]
|upkeep
|turn|3
|
|t:|1740510193
|switch|p2a: Gliscor|Gliscor, F|100/100
|move|p1a: 4 PLATINUM ALBUMS|Tachyon Cutter|p2a: Gliscor
|-damage|p2a: Gliscor|67/100
|-damage|p2a: Gliscor|37/100
|-hitcount|p2a: Gliscor|2
|
|-weather|Snow|[upkeep]
|-status|p2a: Gliscor|tox|[from] item: Toxic Orb
|upkeep
|turn|4
|
|t:|1740510199
|-terastallize|p1a: 4 PLATINUM ALBUMS|Steel
|move|p2a: Gliscor|Protect|p2a: Gliscor
|-singleturn|p2a: Gliscor|Protect
|move|p1a: 4 PLATINUM ALBUMS|Tachyon Cutter|p2a: Gliscor
|-activate|p2a: Gliscor|move: Protect
|
|-weather|Snow|[upkeep]
|-heal|p2a: Gliscor|50/100 tox|[from] ability: Poison Heal
|upkeep
|turn|5
|
|t:|1740510207
|switch|p2a: Slowking|Slowking-Galar, M|100/100
|move|p1a: 4 PLATINUM ALBUMS|Tachyon Cutter|p2a: Slowking
|-damage|p2a: Slowking|70/100
|-damage|p2a: Slowking|39/100
|-hitcount|p2a: Slowking|2
|
|-weather|none
|upkeep
|turn|6
|
|t:|1740510212
|move|p1a: 4 PLATINUM ALBUMS|Tachyon Cutter|p2a: Slowking
|-damage|p2a: Slowking|8/100
|-damage|p2a: Slowking|0 fnt
|faint|p2a: Slowking
|-hitcount|p2: Slowking|2
|
|upkeep
|
|t:|1740510219
|switch|p2a: Lokix|Lokix, M|100/100
|turn|7
|
|t:|1740510227
|-end|p1a: 4 PLATINUM ALBUMS|Quark Drive|[silent]
|switch|p1a: PAST TRUNKS|Great Tusk|100/100
|move|p2a: Lokix|First Impression|p1a: PAST TRUNKS
|-resisted|p1a: PAST TRUNKS
|-damage|p1a: PAST TRUNKS|54/100
|-damage|p2a: Lokix|84/100|[from] item: Rocky Helmet|[of] p1a: PAST TRUNKS
|
|upkeep
|turn|8
|
|t:|1740510232
|switch|p2a: Great Tusk|Great Tusk|100/100
|move|p1a: PAST TRUNKS|Knock Off|p2a: Great Tusk
|-resisted|p2a: Great Tusk
|-damage|p2a: Great Tusk|90/100
|-damage|p1a: PAST TRUNKS|38/100|[from] item: Rocky Helmet|[of] p2a: Great Tusk
|-enditem|p2a: Great Tusk|Rocky Helmet|[from] move: Knock Off|[of] p1a: PAST TRUNKS
|
|upkeep
|turn|9
|
|t:|1740510242
|-end|p1a: PAST TRUNKS|Protosynthesis|[silent]
|switch|p1a: FinesseLuTymes|Ting-Lu|100/100
|-ability|p1a: FinesseLuTymes|Vessel of Ruin
|move|p2a: Great Tusk|Headlong Rush|p1a: FinesseLuTymes
|-damage|p1a: FinesseLuTymes|72/100
|-unboost|p2a: Great Tusk|def|1
|-unboost|p2a: Great Tusk|spd|1
|
|-heal|p1a: FinesseLuTymes|78/100|[from] item: Leftovers
|upkeep
|turn|10
|
|t:|1740510246
|move|p2a: Great Tusk|Knock Off|p1a: FinesseLuTymes
|-resisted|p1a: FinesseLuTymes
|-crit|p1a: FinesseLuTymes
|-damage|p1a: FinesseLuTymes|67/100
|-enditem|p1a: FinesseLuTymes|Leftovers|[from] move: Knock Off|[of] p2a: Great Tusk
|move|p1a: FinesseLuTymes|Spikes|p2a: Great Tusk
|-sidestart|p2: MiamiFrauds|Spikes
|
|upkeep
|turn|11
|
|t:|1740510249
|move|p2a: Great Tusk|Rapid Spin|p1a: FinesseLuTymes
|-damage|p1a: FinesseLuTymes|59/100
|-boost|p2a: Great Tusk|spe|1
|-sideend|p2: MiamiFrauds|Spikes|[from] move: Rapid Spin|[of] p2a: Great Tusk
|move|p1a: FinesseLuTymes|Ruination|p2a: Great Tusk
|-damage|p2a: Great Tusk|45/100
|
|upkeep
|turn|12
|
|t:|1740510254
|-end|p2a: Great Tusk|Protosynthesis|[silent]
|switch|p2a: Lokix|Lokix, M|84/100
|move|p1a: FinesseLuTymes|Spikes|p2a: Lokix
|-sidestart|p2: MiamiFrauds|Spikes
|
|upkeep
|turn|13
|
|t:|1740510257
|switch|p1a: PAST TRUNKS|Great Tusk|38/100
|move|p2a: Lokix|U-turn|p1a: PAST TRUNKS
|-resisted|p1a: PAST TRUNKS
|-damage|p1a: PAST TRUNKS|4/100
|-damage|p2a: Lokix|67/100|[from] item: Rocky Helmet|[of] p1a: PAST TRUNKS
|
|t:|1740510260
|switch|p2a: Great Tusk|Great Tusk|45/100|[from] U-turn
|-damage|p2a: Great Tusk|33/100|[from] Spikes
|
|upkeep
|turn|14
|
|t:|1740510263
|move|p1a: PAST TRUNKS|Ice Spinner|p2a: Great Tusk
|-supereffective|p2a: Great Tusk
|-damage|p2a: Great Tusk|0 fnt
|faint|p2a: Great Tusk
|-end|p2a: Great Tusk|Protosynthesis|[silent]
|
|upkeep
|
|t:|1740510269
|switch|p2a: Kyurem|Kyurem|100/100
|-damage|p2a: Kyurem|88/100|[from] Spikes
|-ability|p2a: Kyurem|Pressure
|turn|15
|
|t:|1740510286
|move|p2a: Kyurem|Freeze-Dry|p1a: PAST TRUNKS
|-supereffective|p1a: PAST TRUNKS
|-damage|p1a: PAST TRUNKS|0 fnt
|faint|p1a: PAST TRUNKS
|-end|p1a: PAST TRUNKS|Protosynthesis|[silent]
|
|upkeep
|
|t:|1740510288
|switch|p1a: 4 PLATINUM ALBUMS|Iron Crown, tera:Steel|36/100
|turn|16
|
|t:|1740510306
|switch|p2a: Kingambit|Kingambit, M|100/100
|-activate|p2a: Kingambit|ability: Supreme Overlord
|-start|p2a: Kingambit|fallen2|[silent]
|-item|p2a: Kingambit|Air Balloon
|move|p1a: 4 PLATINUM ALBUMS|Focus Blast|p2a: Kingambit
|-supereffective|p2a: Kingambit
|-damage|p2a: Kingambit|0 fnt
|-enditem|p2a: Kingambit|Air Balloon
|faint|p2a: Kingambit
|-end|p2a: Kingambit|fallen2|[silent]
|
|upkeep
|
|t:|1740510314
|switch|p2a: Lokix|Lokix, M|67/100
|-damage|p2a: Lokix|55/100|[from] Spikes
|turn|17
|
|t:|1740510320
|-end|p1a: 4 PLATINUM ALBUMS|Quark Drive|[silent]
|switch|p1a: FinesseLuTymes|Ting-Lu|59/100
|-ability|p1a: FinesseLuTymes|Vessel of Ruin
|move|p2a: Lokix|First Impression|p1a: FinesseLuTymes
|-supereffective|p1a: FinesseLuTymes
|-crit|p1a: FinesseLuTymes
|-damage|p1a: FinesseLuTymes|0 fnt
|faint|p1a: FinesseLuTymes
|
|upkeep
|
|t:|1740510324
|switch|p1a: 4 PLATINUM ALBUMS|Iron Crown, tera:Steel|36/100
|turn|18
|
|t:|1740510329
|switch|p2a: Gliscor|Gliscor, F|50/100 tox
|move|p1a: 4 PLATINUM ALBUMS|Tachyon Cutter|p2a: Gliscor
|-damage|p2a: Gliscor|8/100 tox
|-damage|p2a: Gliscor|0 fnt
|faint|p2a: Gliscor
|-hitcount|p2: Gliscor|2
|
|upkeep
|
|t:|1740510331
|switch|p2a: Lokix|Lokix, M|55/100
|-damage|p2a: Lokix|43/100|[from] Spikes
|turn|19
|
|t:|1740510336
|-end|p1a: 4 PLATINUM ALBUMS|Quark Drive|[silent]
|switch|p1a: HEAD IN THE CLOUDS|Raging Bolt|100/100
|move|p2a: Lokix|U-turn|p1a: HEAD IN THE CLOUDS
|-damage|p1a: HEAD IN THE CLOUDS|67/100
|
|t:|1740510338
|switch|p2a: Kyurem|Kyurem|88/100|[from] U-turn
|-damage|p2a: Kyurem|76/100|[from] Spikes
|-ability|p2a: Kyurem|Pressure
|
|-heal|p1a: HEAD IN THE CLOUDS|73/100|[from] item: Leftovers
|upkeep
|turn|20
|
|t:|1740510345
|-end|p1a: HEAD IN THE CLOUDS|Protosynthesis|[silent]
|switch|p1a: ANITA MAX WYNN|Primarina, F|100/100
|move|p2a: Kyurem|Freeze-Dry|p1a: ANITA MAX WYNN
|-supereffective|p1a: ANITA MAX WYNN
|-damage|p1a: ANITA MAX WYNN|24/100
|
|upkeep
|turn|21
|
|t:|1740510348
|move|p2a: Kyurem|Freeze-Dry|p1a: ANITA MAX WYNN
|-supereffective|p1a: ANITA MAX WYNN
|-damage|p1a: ANITA MAX WYNN|0 fnt
|faint|p1a: ANITA MAX WYNN
|
|upkeep
|
|t:|1740510350
|switch|p1a: 4 PLATINUM ALBUMS|Iron Crown, tera:Steel|36/100
|turn|22
|
|t:|1740510355
|move|p1a: 4 PLATINUM ALBUMS|Tachyon Cutter|p2a: Kyurem
|-supereffective|p2a: Kyurem
|-damage|p2a: Kyurem|0 fnt
|faint|p2a: Kyurem
|-hitcount|p2: Kyurem|1
|
|upkeep
|
|t:|1740510357
|switch|p2a: Lokix|Lokix, M|43/100
|-damage|p2a: Lokix|30/100|[from] Spikes
|turn|23
|
|t:|1740510359
|-end|p1a: 4 PLATINUM ALBUMS|Quark Drive|[silent]
|switch|p1a: HEAD IN THE CLOUDS|Raging Bolt|73/100
|-terastallize|p2a: Lokix|Bug
|move|p2a: Lokix|First Impression|p1a: HEAD IN THE CLOUDS
|-crit|p1a: HEAD IN THE CLOUDS
|-damage|p1a: HEAD IN THE CLOUDS|0 fnt
|faint|p1a: HEAD IN THE CLOUDS
|-end|p1a: HEAD IN THE CLOUDS|Protosynthesis|[silent]
|
|upkeep
|
|t:|1740510361
|switch|p1a: 4 PLATINUM ALBUMS|Iron Crown, tera:Steel|36/100
|turn|24
|
|t:|1740510363
|move|p2a: Lokix|First Impression||[still]
|-hint|First Impression only works on your first turn out.
|-fail|p2a: Lokix
|move|p1a: 4 PLATINUM ALBUMS|Tachyon Cutter|p2a: Lokix
|-damage|p2a: Lokix|0 fnt
|faint|p2a: Lokix
|-hitcount|p2: Lokix|1
|
|win|abGodc
|raw|abGodc's rating: 1727 &rarr; <strong>1745</strong><br />(+18 for winning)
|raw|MiamiFrauds's rating: 1693 &rarr; <strong>1675</strong><br />(-18 for losing)
|l|☆MiamiFrauds
|player|p2|
