|j|☆thechikuneater
|j|☆Xibalbaa
|t:|1740509841
|gametype|singles
|player|p1|thechikuneater|2|1510
|player|p2|Xibalbaa|psychicf|1534
|teamsize|p1|6
|teamsize|p2|6
|gen|9
|tier|[Gen 9] OU
|rated|
|rule|Species Clause: Limit one of each Pokémon
|rule|OHKO Clause: OHKO moves are banned
|rule|Evasion Items Clause: Evasion items are banned
|rule|Evasion Moves Clause: Evasion moves are banned
|rule|Endless Battle Clause: Forcing endless battles is banned
|rule|HP Percentage Mod: HP is shown in percentages
|rule|Sleep Moves Clause: Sleep-inducing moves are banned
|clearpoke
|poke|p1|Ninetales-Alola, F|
|poke|p1|Cinderace, M|
|poke|p1|Oricorio-Sensu, F|
|poke|p1|Dragonite, M|
|poke|p1|Deoxys-Speed|
|poke|p1|Enamorus, F|
|poke|p2|Rillaboom, F|
|poke|p2|Zapdos|
|poke|p2|Ogerpon-Wellspring, F|
|poke|p2|Hatterene, F|
|poke|p2|Great Tusk|
|poke|p2|Heatran, F|
|teampreview
|inactive|Battle timer is ON: inactive players will automatically lose when time's up. (requested by thechikuneater)
|
|t:|1740509864
|start
|switch|p1a: Ninetales|Ninetales-Alola, F|100/100
|switch|p2a: Heatran|Heatran, F|100/100
|-weather|Snow|[from] ability: Snow Warning|[of] p1a: Ninetales
|turn|1
|
|t:|1740509868
|move|p1a: Ninetales|Aurora Veil|p1a: Ninetales
|-sidestart|p1: thechikuneater|move: Aurora Veil
|move|p2a: Heatran|Magma Storm|p1a: Ninetales
|-supereffective|p1a: Ninetales
|-damage|p1a: Ninetales|55/100
|-activate|p1a: Ninetales|move: Magma Storm|[of] p2a: Heatran
|
|-weather|Snow|[upkeep]
|-damage|p1a: Ninetales|42/100|[from] move: Magma Storm|[partiallytrapped]
|upkeep
|turn|2
|
|t:|1740509876
|move|p1a: Ninetales|Encore|p2a: Heatran
|-start|p2a: Heatran|Encore
|move|p2a: Heatran|Magma Storm|p1a: Ninetales
|-supereffective|p1a: Ninetales
|-damage|p1a: Ninetales|3/100
|
|-weather|Snow|[upkeep]
|-damage|p1a: Ninetales|0 fnt|[from] move: Magma Storm|[partiallytrapped]
|faint|p1a: Ninetales
|upkeep
|
|t:|1740509880
|switch|p1a: Dragonite|Dragonite, M|100/100
|turn|3
|
|t:|1740509892
|switch|p2a: Zapdos|Zapdos|100/100
|move|p1a: Dragonite|Dragon Dance|p1a: Dragonite
|-boost|p1a: Dragonite|atk|1
|-boost|p1a: Dragonite|spe|1
|
|-weather|Snow|[upkeep]
|upkeep
|turn|4
|
|t:|1740509896
|move|p1a: Dragonite|Dragon Claw|p2a: Zapdos
|-damage|p2a: Zapdos|54/100
|-status|p1a: Dragonite|par|[from] ability: Static|[of] p2a: Zapdos
|move|p2a: Zapdos|Thunder Wave|p1a: Dragonite
|-fail|p1a: Dragonite|par
|
|-weather|Snow|[upkeep]
|upkeep
|turn|5
|
|t:|1740509901
|move|p2a: Zapdos|Roost|p2a: Zapdos
|-heal|p2a: Zapdos|100/100
|-singleturn|p2a: Zapdos|move: Roost
|move|p1a: Dragonite|Dragon Dance|p1a: Dragonite
|-boost|p1a: Dragonite|atk|1
|-boost|p1a: Dragonite|spe|1
|
|-weather|none
|upkeep
|turn|6
|
|t:|1740509905
|move|p2a: Zapdos|Volt Switch|p1a: Dragonite
|-damage|p1a: Dragonite|93/100 par
|
|t:|1740509913
|switch|p2a: Great Tusk|Great Tusk|100/100|[from] Volt Switch
|-enditem|p2a: Great Tusk|Booster Energy
|-activate|p2a: Great Tusk|ability: Protosynthesis|[fromitem]
|-start|p2a: Great Tusk|protosynthesisspe
|cant|p1a: Dragonite|par
|
|upkeep
|turn|7
|
|t:|1740509916
|move|p2a: Great Tusk|Ice Spinner|p1a: Dragonite
|-supereffective|p1a: Dragonite
|-damage|p1a: Dragonite|46/100 par
|-enditem|p1a: Dragonite|Weakness Policy
|-boost|p1a: Dragonite|atk|2|[from] item: Weakness Policy
|-boost|p1a: Dragonite|spa|2|[from] item: Weakness Policy
|move|p1a: Dragonite|Dragon Claw|p2a: Great Tusk
|-damage|p2a: Great Tusk|9/100
|
|upkeep
|turn|8
|
|t:|1740509924
|move|p1a: Dragonite|Extreme Speed|p2a: Great Tusk
|-damage|p2a: Great Tusk|0 fnt
|faint|p2a: Great Tusk
|-end|p2a: Great Tusk|Protosynthesis|[silent]
|
|-sideend|p1: thechikuneater|move: Aurora Veil
|upkeep
|
|t:|1740509931
|switch|p2a: Ogerpon|Ogerpon-Wellspring, F|100/100
|turn|9
|
|t:|1740509937
|cant|p1a: Dragonite|par
|move|p2a: Ogerpon|Knock Off|p1a: Dragonite
|-damage|p1a: Dragonite|22/100 par
|
|upkeep
|turn|10
|
|t:|1740509941
|move|p1a: Dragonite|Extreme Speed|p2a: Ogerpon
|-damage|p2a: Ogerpon|0 fnt
|faint|p2a: Ogerpon
|
|upkeep
|
|t:|1740509953
|switch|p2a: Zapdos|Zapdos|100/100
|turn|11
|
|t:|1740509956
|move|p1a: Dragonite|Extreme Speed|p2a: Zapdos
|-damage|p2a: Zapdos|28/100
|move|p2a: Zapdos|Volt Switch|p1a: Dragonite
|-damage|p1a: Dragonite|0 fnt
|faint|p1a: Dragonite
|
|t:|1740509960
|switch|p2a: Rillaboom|Rillaboom, F|100/100|[from] Volt Switch
|-fieldstart|move: Grassy Terrain|[from] ability: Grassy Surge|[of] p2a: Rillaboom
|
|upkeep
|
|t:|1740509964
|switch|p1a: Cinderace|Cinderace, M|100/100
|turn|12
|
|t:|1740509975
|switch|p2a: Heatran|Heatran, F|100/100
|move|p1a: Cinderace|Swords Dance|p1a: Cinderace
|-boost|p1a: Cinderace|atk|2
|
|upkeep
|turn|13
|
|t:|1740509982
|move|p1a: Cinderace|High Jump Kick|p2a: Heatran|[miss]
|-miss|p1a: Cinderace|p2a: Heatran
|-damage|p1a: Cinderace|51/100|[from] highjumpkick
|move|p2a: Heatran|Earth Power|p1a: Cinderace
|-supereffective|p1a: Cinderace
|-damage|p1a: Cinderace|0 fnt
|faint|p1a: Cinderace
|
|upkeep
|c|☆thechikuneater|not a single hjk has landed
|c|☆thechikuneater|in 7 games
|c|☆Xibalbaa|tf
|c|☆Xibalbaa|damn
|inactive|thechikuneater has 120 seconds left.
|
|t:|1740510015
|switch|p1a: Enamorus|Enamorus, F|100/100
|turn|14
|
|t:|1740510021
|switch|p2a: Zapdos|Zapdos|28/100
|move|p1a: Enamorus|Superpower|p2a: Zapdos
|-resisted|p2a: Zapdos
|-damage|p2a: Zapdos|18/100
|-boost|p1a: Enamorus|atk|1
|-boost|p1a: Enamorus|def|1
|
|upkeep
|turn|15
|
|t:|1740510027
|move|p1a: Enamorus|Moonblast|p2a: Zapdos
|-damage|p2a: Zapdos|0 fnt
|faint|p2a: Zapdos
|
|-fieldend|move: Grassy Terrain
|upkeep
|
|t:|1740510033
|switch|p2a: Hatterene|Hatterene, F|100/100
|turn|16
|
|t:|1740510041
|move|p1a: Enamorus|Moonblast|p2a: Hatterene
|-damage|p2a: Hatterene|48/100
|-unboost|p2a: Hatterene|spa|1
|move|p2a: Hatterene|Draining Kiss|p1a: Enamorus
|-damage|p1a: Enamorus|80/100
|-heal|p2a: Hatterene|63/100|[from] drain|[of] p1a: Enamorus
|
|upkeep
|turn|17
|
|t:|1740510047
|move|p1a: Enamorus|Moonblast|p2a: Hatterene
|-damage|p2a: Hatterene|9/100
|move|p2a: Hatterene|Psychic Noise|p1a: Enamorus
|-damage|p1a: Enamorus|51/100
|-start|p1a: Enamorus|move: Heal Block
|
|upkeep
|turn|18
|
|t:|1740510050
|move|p1a: Enamorus|Superpower|p2a: Hatterene
|-resisted|p2a: Hatterene
|-damage|p2a: Hatterene|0 fnt
|-boost|p1a: Enamorus|atk|1
|-boost|p1a: Enamorus|def|1
|faint|p2a: Hatterene
|
|-end|p1a: Enamorus|move: Heal Block
|upkeep
|
|t:|1740510053
|switch|p2a: Heatran|Heatran, F|100/100
|turn|19
|
|t:|1740510058
|-terastallize|p2a: Heatran|Grass
|move|p1a: Enamorus|Superpower|p2a: Heatran
|-damage|p2a: Heatran|51/100
|-boost|p1a: Enamorus|atk|1
|-boost|p1a: Enamorus|def|1
|move|p2a: Heatran|Magma Storm|p1a: Enamorus
|-damage|p1a: Enamorus|0 fnt
|faint|p1a: Enamorus
|
|-heal|p2a: Heatran|57/100|[from] item: Leftovers
|upkeep
|
|t:|1740510064
|switch|p1a: Deoxys|Deoxys-Speed|100/100
|-ability|p1a: Deoxys|Pressure
|turn|20
|
|t:|1740510067
|move|p1a: Deoxys|Nasty Plot|p1a: Deoxys
|-boost|p1a: Deoxys|spa|2
|move|p2a: Heatran|Magma Storm|p1a: Deoxys
|-damage|p1a: Deoxys|43/100
|-activate|p1a: Deoxys|move: Magma Storm|[of] p2a: Heatran
|
|-heal|p2a: Heatran|63/100|[from] item: Leftovers
|-damage|p1a: Deoxys|31/100|[from] move: Magma Storm|[partiallytrapped]
|upkeep
|turn|21
|
|t:|1740510074
|move|p1a: Deoxys|Recover|p1a: Deoxys
|-heal|p1a: Deoxys|81/100
|move|p2a: Heatran|Earth Power|p1a: Deoxys
|-damage|p1a: Deoxys|43/100
|
|-heal|p2a: Heatran|70/100|[from] item: Leftovers
|-damage|p1a: Deoxys|31/100|[from] move: Magma Storm|[partiallytrapped]
|upkeep
|turn|22
|
|t:|1740510079
|move|p1a: Deoxys|Psyshock|p2a: Heatran
|-damage|p2a: Heatran|11/100
|move|p2a: Heatran|Earth Power|p1a: Deoxys
|-crit|p1a: Deoxys
|-damage|p1a: Deoxys|0 fnt
|faint|p1a: Deoxys
|
|-heal|p2a: Heatran|17/100|[from] item: Leftovers
|upkeep
|
|t:|1740510082
|switch|p1a: Oricorio|Oricorio-Sensu, F|100/100
|turn|23
|
|t:|1740510085
|move|p1a: Oricorio|Revelation Dance|p2a: Heatran
|-damage|p2a: Heatran|0 fnt
|faint|p2a: Heatran
|
|upkeep
|
|t:|1740510087
|switch|p2a: Rillaboom|Rillaboom, F|100/100
|-fieldstart|move: Grassy Terrain|[from] ability: Grassy Surge|[of] p2a: Rillaboom
|turn|24
|
|t:|1740510093
|move|p1a: Oricorio|Hurricane|p2a: Rillaboom
|-supereffective|p2a: Rillaboom
|-damage|p2a: Rillaboom|0 fnt
|faint|p2a: Rillaboom
|
|win|thechikuneater
|raw|thechikuneater's rating: 1510 &rarr; <strong>1531</strong><br />(+21 for winning)
|raw|Xibalbaa's rating: 1534 &rarr; <strong>1513</strong><br />(-21 for losing)
|c|☆thechikuneater|gg
|c|☆Xibalbaa|gg
|l|☆thechikuneater
|player|p1|
|l|☆Xibalbaa
|player|p2|
