|j|☆Gutico
|j|☆0rion1798
|html|<table width="100%"><tr><td align="left">Gutico</td><td align="right">0rion1798</tr><tr><td align="left"><i class="fa fa-circle-o"></i> <i class="fa fa-circle-o"></i> </td><td align="right"><i class="fa fa-circle-o"></i> <i class="fa fa-circle"></i> </tr></table>
|uhtml|bestof|<h2><strong>Game 2</strong> of <a href="/game-bestof3-gen9vgc2025reggbo3-2307756099">a best-of-3</a></h2>
|t:|1740510187
|gametype|doubles
|player|p1|Gutico|170|1189
|player|p2|0rion1798|hexmaniac-gen6|1305
|teamsize|p1|6
|teamsize|p2|6
|gen|9
|tier|[Gen 9] VGC 2025 Reg G (Bo3)
|rated|
|rule|Species Clause: Limit one of each Pokémon
|rule|Item Clause: Limit 1 of each item
|clearpoke
|poke|p1|Brute Bonnet, L50|
|poke|p1|Koraidon, L50|
|poke|p1|Raging Bolt, L50|
|poke|p1|Flutter Mane, L50|
|poke|p1|Incineroar, L50, F|
|poke|p1|Landorus, L50, M|
|poke|p2|Weezing-Galar, L50, M|
|poke|p2|Dondozo, L50, M|
|poke|p2|Calyrex-Shadow, L50|
|poke|p2|Tatsugiri-Droopy, L50, M|
|poke|p2|Indeedee-F, L50, F|
|poke|p2|Urshifu-*, L50, F|
|teampreview|4
|showteam|p1|Brute Bonnet||LoadedDice|Protosynthesis|BulletSeed,LashOut,Spore,RagePowder||||||50|,,,,,Poison]Koraidon||ClearAmulet|OrichalcumPulse|CollisionCourse,FlareBlitz,Protect,FlameCharge||||||50|,,,,,Fire]Raging Bolt||AssaultVest|Protosynthesis|Thunderbolt,DracoMeteor,Thunderclap,Snarl||||||50|,,,,,Fairy]Flutter Mane||FocusSash|Protosynthesis|Moonblast,ShadowBall,IcyWind,Protect||||||50|,,,,,Fairy]Incineroar||SitrusBerry|Intimidate|FlareBlitz,KnockOff,FakeOut,PartingShot|||F|||50|,,,,,Water]Landorus||LifeOrb|SheerForce|SandsearStorm,EarthPower,SludgeBomb,Protect|||M|||50|,,,,,Poison
|showteam|p2|Weezing-Galar||MentalHerb|NeutralizingGas|ToxicSpikes,DazzlingGleam,PoisonGas,Protect|||M|||50|,,,,,Grass]Dondozo||Leftovers|Unaware|WaveCrash,OrderUp,Protect,BodyPress|||M|||50|,,,,,Grass]Calyrex-Shadow||LifeOrb|AsOneSpectrier|AstralBarrage,ExpandingForce,PollenPuff,Protect||||||50|,,,,,Normal]Tatsugiri-Droopy||FocusSash|Commander|DracoMeteor,MuddyWater,HelpingHand,Protect|||M|||50|,,,,,Stellar]Indeedee-F||SafetyGoggles|PsychicSurge|FollowMe,HelpingHand,Psyshock,TrickRoom|||F|||50|,,,,,Water]Urshifu-Rapid-Strike||ChoiceScarf|UnseenFist|SurgingStrikes,CloseCombat,RockTomb,Uturn|||F|||50|,,,,,Water
|inactive|Battle timer is ON: inactive players will automatically lose when time's up. (requested by Gutico)
|
|t:|1740510222
|start
|switch|p1a: Raging Bolt|Raging Bolt, L50|100/100
|switch|p1b: Brute Bonnet|Brute Bonnet, L50|100/100
|switch|p2a: Indeedee|Indeedee-F, L50, F|100/100
|switch|p2b: Calyrex|Calyrex-Shadow, L50|100/100
|-ability|p2b: Calyrex|As One
|-ability|p2b: Calyrex|Unnerve
|-fieldstart|move: Psychic Terrain|[from] ability: Psychic Surge|[of] p2a: Indeedee
|turn|1
|
|t:|1740510232
|move|p2b: Calyrex|Protect|p2b: Calyrex
|-singleturn|p2b: Calyrex|Protect
|move|p2a: Indeedee|Psyshock|p1a: Raging Bolt
|-damage|p1a: Raging Bolt|71/100
|move|p1a: Raging Bolt|Snarl|p2a: Indeedee|[spread] p2a
|-activate|p2b: Calyrex|move: Protect
|-supereffective|p2a: Indeedee
|-damage|p2a: Indeedee|73/100
|-unboost|p2a: Indeedee|spa|1
|move|p1b: Brute Bonnet|Spore|p2a: Indeedee
|-activate|p2a: Indeedee|item: Safety Goggles|Spore
|
|upkeep
|turn|2
|
|t:|1740510245
|move|p2a: Indeedee|Follow Me|p2a: Indeedee
|-singleturn|p2a: Indeedee|move: Follow Me
|move|p2b: Calyrex|Pollen Puff|p1b: Brute Bonnet
|-supereffective|p1b: Brute Bonnet
|-damage|p1b: Brute Bonnet|0 fnt
|faint|p1b: Brute Bonnet
|-end|p1b: Brute Bonnet|Protosynthesis|[silent]
|-ability|p2b: Calyrex|Grim Neigh|boost
|-boost|p2b: Calyrex|spa|1
|-damage|p2b: Calyrex|91/100|[from] item: Life Orb
|move|p1a: Raging Bolt|Snarl|p2b: Calyrex|[spread] p2a,p2b
|-supereffective|p2a: Indeedee
|-supereffective|p2b: Calyrex
|-damage|p2a: Indeedee|46/100
|-damage|p2b: Calyrex|36/100
|-unboost|p2a: Indeedee|spa|1
|-unboost|p2b: Calyrex|spa|1
|
|upkeep
|
|t:|1740510252
|switch|p1b: Flutter Mane|Flutter Mane, L50|100/100
|turn|3
|
|t:|1740510275
|-terastallize|p1b: Flutter Mane|Fairy
|move|p2b: Calyrex|Protect|p2b: Calyrex
|-singleturn|p2b: Calyrex|Protect
|move|p1b: Flutter Mane|Moonblast|p2a: Indeedee
|-damage|p2a: Indeedee|0 fnt
|faint|p2a: Indeedee
|move|p1a: Raging Bolt|Snarl|p2b: Calyrex
|-activate|p2b: Calyrex|move: Protect
|
|upkeep
|
|t:|1740510281
|switch|p2a: Dondozo|Dondozo, L50, M|100/100
|turn|4
|
|t:|1740510292
|-end|p1a: Raging Bolt|Protosynthesis|[silent]
|switch|p1a: Koraidon|Koraidon, L50|100/100
|-weather|SunnyDay|[from] ability: Orichalcum Pulse|[of] p1a: Koraidon
|-activate|p1b: Flutter Mane|ability: Protosynthesis
|-start|p1b: Flutter Mane|protosynthesisspe
|-activate|p1a: Koraidon|Orichalcum Pulse|[source]
|-terastallize|p2b: Calyrex|Normal
|move|p2a: Dondozo|Protect|p2a: Dondozo
|-singleturn|p2a: Dondozo|Protect
|move|p1b: Flutter Mane|Moonblast|p2b: Calyrex
|-damage|p2b: Calyrex|0 fnt
|faint|p2b: Calyrex
|
|-weather|SunnyDay|[upkeep]
|upkeep
|
|t:|1740510295
|switch|p2b: Tatsugiri|Tatsugiri-Droopy, L50, M, shiny|100/100
|-activate|p2b: Tatsugiri|ability: Commander|[of] p2a: Dondozo
|-boost|p2a: Dondozo|atk|2
|-boost|p2a: Dondozo|spa|2
|-boost|p2a: Dondozo|spe|2
|-boost|p2a: Dondozo|def|2
|-boost|p2a: Dondozo|spd|2
|turn|5
|
|t:|1740510308
|switch|p1a: Raging Bolt|Raging Bolt, L50|71/100
|-activate|p1a: Raging Bolt|ability: Protosynthesis
|-start|p1a: Raging Bolt|protosynthesisspa
|move|p1b: Flutter Mane|Moonblast|p2a: Dondozo
|-damage|p2a: Dondozo|68/100
|-unboost|p2a: Dondozo|spa|1
|move|p2a: Dondozo|Order Up|p1a: Raging Bolt
|-supereffective|p1a: Raging Bolt
|-damage|p1a: Raging Bolt|10/100
|-boost|p2a: Dondozo|def|1
|
|-weather|SunnyDay|[upkeep]
|-heal|p2a: Dondozo|74/100|[from] item: Leftovers
|-fieldend|move: Psychic Terrain
|upkeep
|turn|6
|
|t:|1740510322
|move|p2a: Dondozo|Protect|p2a: Dondozo
|-singleturn|p2a: Dondozo|Protect
|move|p1a: Raging Bolt|Thunderclap||[still]
|-fail|p1a: Raging Bolt
|move|p1b: Flutter Mane|Moonblast|p2a: Dondozo
|-activate|p2a: Dondozo|move: Protect
|
|-weather|SunnyDay|[upkeep]
|-heal|p2a: Dondozo|80/100|[from] item: Leftovers
|upkeep
|turn|7
|
|t:|1740510328
|move|p1a: Raging Bolt|Thunderclap|p2a: Dondozo
|-supereffective|p2a: Dondozo
|-damage|p2a: Dondozo|35/100
|move|p1b: Flutter Mane|Moonblast|p2a: Dondozo
|-damage|p2a: Dondozo|6/100
|move|p2a: Dondozo|Order Up|p1a: Raging Bolt
|-supereffective|p1a: Raging Bolt
|-damage|p1a: Raging Bolt|0 fnt
|faint|p1a: Raging Bolt
|-end|p1a: Raging Bolt|Protosynthesis|[silent]
|-boost|p2a: Dondozo|def|1
|
|-weather|SunnyDay|[upkeep]
|-heal|p2a: Dondozo|12/100|[from] item: Leftovers
|upkeep
|
|t:|1740510333
|switch|p1a: Koraidon|Koraidon, L50|100/100
|-activate|p1a: Koraidon|ability: Orichalcum Pulse
|turn|8
|
|t:|1740510338
|move|p2a: Dondozo|Protect|p2a: Dondozo
|-singleturn|p2a: Dondozo|Protect
|move|p1b: Flutter Mane|Moonblast|p2a: Dondozo
|-activate|p2a: Dondozo|move: Protect
|move|p1a: Koraidon|Collision Course|p2a: Dondozo
|-activate|p2a: Dondozo|move: Protect
|
|-weather|none
|-end|p1b: Flutter Mane|Protosynthesis
|-heal|p2a: Dondozo|18/100|[from] item: Leftovers
|upkeep
|turn|9
|
|t:|1740510344
|move|p2a: Dondozo|Protect||[still]
|-fail|p2a: Dondozo
|move|p1a: Koraidon|Collision Course|p2a: Dondozo
|-damage|p2a: Dondozo|8/100
|move|p1b: Flutter Mane|Moonblast|p2a: Dondozo
|-crit|p2a: Dondozo
|-damage|p2a: Dondozo|0 fnt
|faint|p2a: Dondozo
|
|upkeep
|turn|10
|
|t:|1740510354
|move|p1b: Flutter Mane|Moonblast|p2b: Tatsugiri
|-supereffective|p2b: Tatsugiri
|-enditem|p2b: Tatsugiri|Focus Sash
|-damage|p2b: Tatsugiri|1/100
|move|p1a: Koraidon|Collision Course|p2b: Tatsugiri
|-damage|p2b: Tatsugiri|0 fnt
|faint|p2b: Tatsugiri
|
|win|Gutico
||Gutico is ready for game 3.
||0rion1798 is ready for game 3.
|uhtml|next|Next: <a href="/battle-gen9vgc2025reggbo3-2307759941"><strong>Game 3 of 3</strong></a>
