|j|☆Sigilifi
|j|☆thallyTOP
|t:|1740510156
|gametype|singles
|player|p1|Sigilifi|1|
|player|p2|thallyTOP|ash-hoenn|
|teamsize|p1|6
|teamsize|p2|6
|gen|9
|tier|[Gen 9] Custom Game
|clearpoke
|poke|p1|Venusaur, F|
|poke|p1|Garganacl, F|
|poke|p1|Gyarados, F|
|poke|p1|Ninetales-Alola, F|
|poke|p1|Hydreigon, M|
|poke|p1|Entei|
|poke|p2|Medicham-Mega, F|
|poke|p2|Togekiss, F|
|poke|p2|Glimmora, F|
|poke|p2|Snorlax, M|
|poke|p2|Aegislash, M|
|poke|p2|Rillaboom, M|
|teampreview
|
|t:|1740510168
|start
|switch|p1a: Entei|Entei|371/371
|switch|p2a: Glimmora|Glimmora, F, shiny|370/370
|turn|1
|
|t:|1740510180
|move|p1a: Entei|Trailblaze|p2a: Glimmora
|-damage|p2a: Glimmora|305/370
|-boost|p1a: Entei|spe|1
|-activate|p2a: Glimmora|ability: Toxic Debris
|-sidestart|p1: Sigilifi|move: Toxic Spikes
|move|p2a: Glimmora|Earth Power|p1a: Entei
|-supereffective|p1a: Entei
|-damage|p1a: Entei|143/371
|-unboost|p1a: Entei|spd|1
|
|upkeep
|turn|2
|
|t:|1740510186
|move|p2a: Glimmora|Spiky Shield|p2a: Glimmora
|-singleturn|p2a: Glimmora|move: Protect
|move|p1a: Entei|Sacred Fire|p2a: Glimmora
|-activate|p2a: Glimmora|move: Protect
|
|upkeep
|turn|3
|
|t:|1740510194
|move|p1a: Entei|Sacred Fire|p2a: Glimmora
|-resisted|p2a: Glimmora
|-damage|p2a: Glimmora|189/370
|-activate|p2a: Glimmora|ability: Toxic Debris
|-sidestart|p1: Sigilifi|move: Toxic Spikes
|move|p2a: Glimmora|Earth Power|p1a: Entei
|-supereffective|p1a: Entei
|-damage|p1a: Entei|0 fnt
|faint|p1a: Entei
|
|upkeep
|
|t:|1740510202
|switch|p1a: Venusaur|Venusaur, F|364/364
|-sideend|p1: Sigilifi|move: Toxic Spikes|[of] p1a: Venusaur
|turn|4
|
|t:|1740510209
|switch|p2a: Aegislash|Aegislash, M|261/261
|detailschange|p1a: Venusaur|Venusaur-Mega, F
|-mega|p1a: Venusaur|Venusaur|Venusaurite
|move|p1a: Venusaur|Sludge Bomb|p2a: Aegislash
|-immune|p2a: Aegislash
|
|upkeep
|turn|5
|
|t:|1740510221
|move|p2a: Aegislash|Swords Dance|p2a: Aegislash
|-boost|p2a: Aegislash|atk|2
|move|p1a: Venusaur|Earth Power|p2a: Aegislash
|-supereffective|p2a: Aegislash
|-damage|p2a: Aegislash|101/261
|
|upkeep
|turn|6
|
|t:|1740510228
|-zpower|p2a: Aegislash
|-formechange|p2a: Aegislash|Aegislash-Blade||[from] ability: Stance Change
|move|p2a: Aegislash|Never-Ending Nightmare|p1a: Venusaur|[zeffect]
|-damage|p1a: Venusaur|0 fnt
|faint|p1a: Venusaur
|
|upkeep
|
|t:|1740510231
|switch|p1a: Hydreigon|Hydreigon, M|325/325
|turn|7
|
|t:|1740510239
|switch|p2a: Snorlax|Snorlax, M|508/508
|move|p1a: Hydreigon|Dark Pulse|p2a: Snorlax
|-damage|p2a: Snorlax|417/508
|
|-heal|p2a: Snorlax|448/508|[from] item: Leftovers
|upkeep
|turn|8
|
|t:|1740510246
|switch|p1a: Garganacl|Garganacl, F|404/404
|move|p2a: Snorlax|Earthquake|p1a: Garganacl
|-supereffective|p1a: Garganacl
|-damage|p1a: Garganacl|308/404
|
|-heal|p1a: Garganacl|333/404|[from] item: Leftovers
|-heal|p2a: Snorlax|479/508|[from] item: Leftovers
|upkeep
|turn|9
|
|t:|1740510253
|switch|p2a: Glimmora|Glimmora, F, shiny|189/370
|move|p1a: Garganacl|Salt Cure|p2a: Glimmora
|-damage|p2a: Glimmora|141/370
|-start|p2a: Glimmora|Salt Cure
|-activate|p2a: Glimmora|ability: Toxic Debris
|-sidestart|p1: Sigilifi|move: Toxic Spikes
|
|-heal|p1a: Garganacl|358/404|[from] item: Leftovers
|-damage|p2a: Glimmora|95/370|[from] Salt Cure
|upkeep
|turn|10
|
|t:|1740510265
|switch|p1a: Hydreigon|Hydreigon, M|325/325
|move|p2a: Glimmora|Stealth Rock|p1a: Hydreigon
|-sidestart|p1: Sigilifi|move: Stealth Rock
|
|-damage|p2a: Glimmora|49/370|[from] Salt Cure
|upkeep
|turn|11
|
|t:|1740510274
|move|p2a: Glimmora|Spiky Shield|p2a: Glimmora
|-singleturn|p2a: Glimmora|move: Protect
|move|p1a: Hydreigon|Dark Pulse|p2a: Glimmora
|-activate|p2a: Glimmora|move: Protect
|
|-damage|p2a: Glimmora|3/370|[from] Salt Cure
|upkeep
|turn|12
|
|t:|1740510281
|switch|p1a: Gyarados|Gyarados, F|331/331
|-damage|p1a: Gyarados|249/331|[from] Stealth Rock
|switch|p2a: Medicham|Medicham-Mega, F|261/261
|
|-heal|p1a: Gyarados|269/331|[from] item: Leftovers
|upkeep
|turn|13
|
|t:|1740510292
|move|p2a: Medicham|Trailblaze|p1a: Gyarados
|-damage|p1a: Gyarados|156/331
|-boost|p2a: Medicham|spe|1
|move|p1a: Gyarados|Waterfall|p2a: Medicham
|-damage|p2a: Medicham|89/261
|
|-heal|p1a: Gyarados|176/331|[from] item: Leftovers
|upkeep
|turn|14
|
|t:|1740510301
|move|p2a: Medicham|Psycho Cut|p1a: Gyarados
|-crit|p1a: Gyarados
|-damage|p1a: Gyarados|0 fnt
|faint|p1a: Gyarados
|
|upkeep
|
|t:|1740510304
|switch|p1a: Garganacl|Garganacl, F|358/404
|debug|set status [psn] interrupted
|-damage|p1a: Garganacl|308/404|[from] Stealth Rock
|turn|15
|
|t:|1740510310
|-terastallize|p1a: Garganacl|Ghost
|move|p2a: Medicham|Psycho Cut|p1a: Garganacl
|-damage|p1a: Garganacl|187/404
|move|p1a: Garganacl|Recover|p1a: Garganacl
|-heal|p1a: Garganacl|389/404
|
|-heal|p1a: Garganacl|404/404|[from] item: Leftovers
|upkeep
|turn|16
|
|t:|1740510317
|move|p2a: Medicham|Psycho Cut|p1a: Garganacl
|-crit|p1a: Garganacl
|-damage|p1a: Garganacl|217/404
|move|p1a: Garganacl|Iron Defense|p1a: Garganacl
|-boost|p1a: Garganacl|def|2
|
|-heal|p1a: Garganacl|242/404|[from] item: Leftovers
|upkeep
|turn|17
|
|t:|1740510320
|move|p2a: Medicham|Psycho Cut|p1a: Garganacl
|-damage|p1a: Garganacl|182/404
|move|p1a: Garganacl|Recover|p1a: Garganacl
|-heal|p1a: Garganacl|384/404
|
|-heal|p1a: Garganacl|404/404|[from] item: Leftovers
|upkeep
|turn|18
|
|t:|1740510326
|switch|p2a: Aegislash|Aegislash, M|101/261
|move|p1a: Garganacl|Salt Cure|p2a: Aegislash
|-resisted|p2a: Aegislash
|-damage|p2a: Aegislash|83/261
|-start|p2a: Aegislash|Salt Cure
|
|-damage|p2a: Aegislash|18/261|[from] Salt Cure
|upkeep
|turn|19
|
|t:|1740510335
|-formechange|p2a: Aegislash|Aegislash-Blade||[from] ability: Stance Change
|move|p2a: Aegislash|Shadow Claw|p1a: Garganacl
|debug|Purifying Salt weaken
|-supereffective|p1a: Garganacl
|-damage|p1a: Garganacl|362/404
|move|p1a: Garganacl|Recover|p1a: Garganacl
|-heal|p1a: Garganacl|404/404
|
|-damage|p2a: Aegislash|0 fnt|[from] Salt Cure
|faint|p2a: Aegislash
|upkeep
|
|t:|1740510338
|switch|p2a: Glimmora|Glimmora, F, shiny|3/370
|turn|20
|
|t:|1740510345
|move|p2a: Glimmora|Earth Power|p1a: Garganacl
|-damage|p1a: Garganacl|315/404
|move|p1a: Garganacl|Salt Cure|p2a: Glimmora
|-damage|p2a: Glimmora|0 fnt
|debug|move failed because it did nothing
|-activate|p2a: Glimmora|ability: Toxic Debris
|-sidestart|p1: Sigilifi|move: Toxic Spikes
|faint|p2a: Glimmora
|
|-heal|p1a: Garganacl|340/404|[from] item: Leftovers
|upkeep
|
|t:|1740510349
|switch|p2a: Medicham|Medicham-Mega, F|89/261
|turn|21
|
|t:|1740510352
|move|p2a: Medicham|Psycho Cut|p1a: Garganacl
|debug|Negating (sp)def boost/penalty.
|-crit|p1a: Garganacl
|-damage|p1a: Garganacl|168/404
|move|p1a: Garganacl|Body Press|p2a: Medicham
|-resisted|p2a: Medicham
|-damage|p2a: Medicham|0 fnt
|faint|p2a: Medicham
|
|-heal|p1a: Garganacl|193/404|[from] item: Leftovers
|upkeep
|
|t:|1740510356
|switch|p2a: Togekiss|Togekiss, F|374/374
|turn|22
|
|t:|1740510367
|-terastallize|p2a: Togekiss|Fairy
|debug|doubling secondary chance
|move|p2a: Togekiss|Air Slash|p1a: Garganacl
|-damage|p1a: Garganacl|31/404
|move|p1a: Garganacl|Recover|p1a: Garganacl
|-heal|p1a: Garganacl|233/404
|
|-heal|p1a: Garganacl|258/404|[from] item: Leftovers
|upkeep
|turn|23
|
|t:|1740510375
|switch|p1a: Hydreigon|Hydreigon, M|325/325
|-damage|p1a: Hydreigon|285/325|[from] Stealth Rock
|debug|doubling secondary chance
|move|p2a: Togekiss|Air Slash|p1a: Hydreigon
|-damage|p1a: Hydreigon|129/325
|
|upkeep
|turn|24
|
|t:|1740510381
|switch|p2a: Snorlax|Snorlax, M|479/508
|move|p1a: Hydreigon|Flash Cannon|p2a: Snorlax
|-damage|p2a: Snorlax|413/508
|
|-heal|p2a: Snorlax|444/508|[from] item: Leftovers
|upkeep
|turn|25
|
|t:|1740510385
|switch|p1a: Garganacl|Garganacl, F, tera:Ghost|258/404
|debug|set status [tox] interrupted
|-damage|p1a: Garganacl|208/404|[from] Stealth Rock
|move|p2a: Snorlax|Body Slam|p1a: Garganacl
|-immune|p1a: Garganacl
|
|-heal|p1a: Garganacl|233/404|[from] item: Leftovers
|-heal|p2a: Snorlax|475/508|[from] item: Leftovers
|upkeep
|turn|26
|
|t:|1740510391
|switch|p2a: Rillaboom|Rillaboom, M|358/358
|-fieldstart|move: Grassy Terrain|[from] ability: Grassy Surge|[of] p2a: Rillaboom
|move|p1a: Garganacl|Recover|p1a: Garganacl
|-heal|p1a: Garganacl|404/404
|
|upkeep
|turn|27
|
|t:|1740510397
|move|p2a: Rillaboom|Knock Off|p1a: Garganacl
|-supereffective|p1a: Garganacl
|-damage|p1a: Garganacl|186/404
|-enditem|p1a: Garganacl|Leftovers|[from] move: Knock Off|[of] p2a: Rillaboom
|move|p1a: Garganacl|Iron Defense|p1a: Garganacl
|-boost|p1a: Garganacl|def|2
|
|-heal|p1a: Garganacl|211/404|[from] Grassy Terrain
|upkeep
|turn|28
|
|t:|1740510402
|switch|p2a: Togekiss|Togekiss, F, tera:Fairy|374/374
|move|p1a: Garganacl|Recover|p1a: Garganacl
|-heal|p1a: Garganacl|404/404
|
|upkeep
|turn|29
|
|t:|1740510405
|switch|p1a: Hydreigon|Hydreigon, M|129/325
|-damage|p1a: Hydreigon|89/325|[from] Stealth Rock
|debug|doubling secondary chance
|move|p2a: Togekiss|Air Slash|p1a: Hydreigon
|-damage|p1a: Hydreigon|0 fnt
|debug|move failed because it did nothing
|faint|p1a: Hydreigon
|
|upkeep
|
|t:|1740510408
|switch|p1a: Ninetales|Ninetales-Alola, F|287/287
|-status|p1a: Ninetales|tox
|-damage|p1a: Ninetales|216/287 tox|[from] Stealth Rock
|-weather|Snow|[from] ability: Snow Warning|[of] p1a: Ninetales
|turn|30
|
|t:|1740510414
|switch|p2a: Snorlax|Snorlax, M|475/508
|move|p1a: Ninetales|Nasty Plot|p1a: Ninetales
|-boost|p1a: Ninetales|spa|2
|
|-weather|Snow|[upkeep]
|-heal|p1a: Ninetales|233/287 tox|[from] Grassy Terrain
|-heal|p2a: Snorlax|506/508|[from] Grassy Terrain
|-heal|p2a: Snorlax|508/508|[from] item: Leftovers
|-damage|p1a: Ninetales|216/287 tox|[from] psn
|-fieldend|move: Grassy Terrain
|upkeep
|turn|31
|
|t:|1740510431
|move|p1a: Ninetales|Aurora Veil|p1a: Ninetales
|-sidestart|p1: Sigilifi|move: Aurora Veil
|move|p2a: Snorlax|Earthquake|p1a: Ninetales
|debug|Aurora Veil weaken
|-damage|p1a: Ninetales|182/287 tox
|
|-weather|Snow|[upkeep]
|-damage|p1a: Ninetales|148/287 tox|[from] psn
|upkeep
|turn|32
|
|t:|1740510438
|move|p1a: Ninetales|Nasty Plot|p1a: Ninetales
|-boost|p1a: Ninetales|spa|2
|move|p2a: Snorlax|Curse|p2a: Snorlax
|-unboost|p2a: Snorlax|spe|1
|-boost|p2a: Snorlax|atk|1
|-boost|p2a: Snorlax|def|1
|
|-weather|Snow|[upkeep]
|-damage|p1a: Ninetales|97/287 tox|[from] psn
|upkeep
|turn|33
|
|t:|1740510441
|-zpower|p1a: Ninetales
|move|p1a: Ninetales|Twinkle Tackle|p2a: Snorlax|[zeffect]
|-damage|p2a: Snorlax|42/508
|move|p2a: Snorlax|Earthquake|p1a: Ninetales
|debug|Aurora Veil weaken
|-damage|p1a: Ninetales|44/287 tox
|
|-weather|Snow|[upkeep]
|-heal|p2a: Snorlax|73/508|[from] item: Leftovers
|-damage|p1a: Ninetales|0 fnt|[from] psn
|faint|p1a: Ninetales
|upkeep
|
|t:|1740510448
|switch|p1a: Garganacl|Garganacl, F, tera:Ghost|404/404
|debug|set status [tox] interrupted
|-damage|p1a: Garganacl|354/404|[from] Stealth Rock
|turn|34
|
|t:|1740510459
|switch|p2a: Rillaboom|Rillaboom, M|358/358
|-fieldstart|move: Grassy Terrain|[from] ability: Grassy Surge|[of] p2a: Rillaboom
|move|p1a: Garganacl|Iron Defense|p1a: Garganacl
|-boost|p1a: Garganacl|def|2
|
|-weather|none
|-heal|p1a: Garganacl|379/404|[from] Grassy Terrain
|upkeep
|turn|35
|
|t:|1740510465
|move|p2a: Rillaboom|Knock Off|p1a: Garganacl
|-supereffective|p1a: Garganacl
|debug|Aurora Veil weaken
|-damage|p1a: Garganacl|342/404
|move|p1a: Garganacl|Iron Defense|p1a: Garganacl
|-boost|p1a: Garganacl|def|2
|
|-heal|p1a: Garganacl|367/404|[from] Grassy Terrain
|-sideend|p1: Sigilifi|move: Aurora Veil
|upkeep
|turn|36
|
|t:|1740510470
|move|p2a: Rillaboom|Knock Off|p1a: Garganacl
|-supereffective|p1a: Garganacl
|-damage|p1a: Garganacl|311/404
|move|p1a: Garganacl|Iron Defense|p1a: Garganacl
|-boost|p1a: Garganacl|def|2
|
|-heal|p1a: Garganacl|336/404|[from] Grassy Terrain
|upkeep
|turn|37
|
|t:|1740510476
|move|p2a: Rillaboom|Knock Off|p1a: Garganacl
|-supereffective|p1a: Garganacl
|-damage|p1a: Garganacl|298/404
|move|p1a: Garganacl|Body Press|p2a: Rillaboom
|-damage|p2a: Rillaboom|0 fnt
|faint|p2a: Rillaboom
|
|-heal|p1a: Garganacl|323/404|[from] Grassy Terrain
|upkeep
|
|t:|1740510480
|switch|p2a: Snorlax|Snorlax, M|73/508
|turn|38
|
|t:|1740510487
|move|p1a: Garganacl|Salt Cure|p2a: Snorlax
|-damage|p2a: Snorlax|16/508
|-start|p2a: Snorlax|Salt Cure
|move|p2a: Snorlax|Rest|p2a: Snorlax
|-status|p2a: Snorlax|slp|[from] move: Rest
|-heal|p2a: Snorlax|508/508 slp|[silent]
|
|-heal|p1a: Garganacl|348/404|[from] Grassy Terrain
|-damage|p2a: Snorlax|445/508 slp|[from] Salt Cure
|-fieldend|move: Grassy Terrain
|upkeep
|turn|39
|
|t:|1740510493
|move|p1a: Garganacl|Body Press|p2a: Snorlax
|-supereffective|p2a: Snorlax
|-damage|p2a: Snorlax|0 fnt
|faint|p2a: Snorlax
|
|upkeep
|
|t:|1740510496
|switch|p2a: Togekiss|Togekiss, F, tera:Fairy|374/374
|turn|40
|
|t:|1740510499
|debug|doubling secondary chance
|move|p2a: Togekiss|Air Slash|p1a: Garganacl
|-damage|p1a: Garganacl|186/404
|move|p1a: Garganacl|Body Press|p2a: Togekiss
|-resisted|p2a: Togekiss
|-damage|p2a: Togekiss|149/374
|
|-heal|p2a: Togekiss|172/374|[from] item: Leftovers
|upkeep
|turn|41
|
|t:|1740510506
|debug|doubling secondary chance
|move|p2a: Togekiss|Air Slash|p1a: Garganacl
|-damage|p1a: Garganacl|44/404
|cant|p1a: Garganacl|flinch
|
|-heal|p2a: Togekiss|195/374|[from] item: Leftovers
|upkeep
|turn|42
|
|t:|1740510511
|debug|doubling secondary chance
|move|p2a: Togekiss|Air Slash|p1a: Garganacl
|-damage|p1a: Garganacl|0 fnt
|debug|move failed because it did nothing
|faint|p1a: Garganacl
|
|win|thallyTOP
