|j|☆Mojanf
|j|☆A-jsis
|t:|1740509479
|gametype|doubles
|player|p1|Mojanf|265|1137
|player|p2|A-jsis|veteranf|1059
|teamsize|p1|6
|teamsize|p2|6
|gen|9
|tier|[Gen 9] VGC 2025 Reg G
|rated|
|rule|Species Clause: Limit one of each Pokémon
|rule|Item Clause: Limit 1 of each item
|clearpoke
|poke|p1|Calyrex-Shadow, L50|
|poke|p1|Incineroar, L50, M|
|poke|p1|Urshifu-*, L50, F|
|poke|p1|Rillaboom, L50, M|
|poke|p1|Farigiraf, L50, M|
|poke|p1|Raging Bolt, L50|
|poke|p2|Archaludon, L50, F|
|poke|p2|Pelipper, L50, F|
|poke|p2|Glimmora, L50, M|
|poke|p2|Vaporeon, L50, M|
|poke|p2|Calyrex-Shadow, L50|
|poke|p2|Rillaboom, L50, M|
|teampreview|4
|inactive|Battle timer is ON: inactive players will automatically lose when time's up. (requested by Mojanf)
|inactive|Mojanf has 60 seconds left.
|inactive|Mojanf has 30 seconds left.
|
|t:|1740509541
|start
|switch|p1a: Farigiraf|Farigiraf, L50, M|100/100
|switch|p1b: Incineroar|Incineroar, L50, M|100/100
|switch|p2a: Pelipper|Pelipper, L50, F, shiny|100/100
|switch|p2b: Archaludon|Archaludon, L50, F, shiny|100/100
|-weather|RainDance|[from] ability: Drizzle|[of] p2a: Pelipper
|-ability|p1b: Incineroar|Intimidate|boost
|-unboost|p2a: Pelipper|atk|1
|-unboost|p2b: Archaludon|atk|1
|turn|1
|inactive|Mojanf has 30 seconds left.
|inactive|Mojanf has 20 seconds left.
|
|t:|1740509580
|move|p1b: Incineroar|Fake Out|p2a: Pelipper
|-damage|p2a: Pelipper|92/100
|move|p2b: Archaludon|Electro Shot||[still]
|-prepare|p2b: Archaludon|Electro Shot
|-boost|p2b: Archaludon|spa|1
|-anim|p2b: Archaludon|Electro Shot|p1a: Farigiraf
|-damage|p1a: Farigiraf|42/100
|cant|p2a: Pelipper|flinch
|move|p1a: Farigiraf|Hyper Voice|p2b: Archaludon|[spread] p2a,p2b
|-resisted|p2b: Archaludon
|-crit|p2b: Archaludon
|-damage|p2a: Pelipper|48/100
|-damage|p2b: Archaludon|68/100
|-ability|p2b: Archaludon|Stamina|boost
|-boost|p2b: Archaludon|def|1
|-enditem|p1a: Farigiraf|Throat Spray
|-boost|p1a: Farigiraf|spa|1|[from] item: Throat Spray
|
|-weather|RainDance|[upkeep]
|upkeep
|turn|2
|inactive|Mojanf has 30 seconds left.
|inactive|Mojanf has 20 seconds left.
|
|t:|1740509616
|move|p1a: Farigiraf|Protect|p1a: Farigiraf
|-singleturn|p1a: Farigiraf|Protect
|move|p2b: Archaludon|Electro Shot||[still]
|-prepare|p2b: Archaludon|Electro Shot
|-boost|p2b: Archaludon|spa|1
|-anim|p2b: Archaludon|Electro Shot|p1a: Farigiraf
|-activate|p1a: Farigiraf|move: Protect
|move|p2a: Pelipper|Weather Ball|p1b: Incineroar
|-supereffective|p1b: Incineroar
|-damage|p1b: Incineroar|22/100
|move|p1b: Incineroar|Parting Shot|p2b: Archaludon
|-unboost|p2b: Archaludon|atk|1
|-unboost|p2b: Archaludon|spa|1
|
|t:|1740509632
|switch|p1b: Urshifu|Urshifu-Rapid-Strike, L50, F|100/100|[from] Parting Shot
|
|-weather|RainDance|[upkeep]
|upkeep
|turn|3
|
|t:|1740509655
|switch|p1a: Incineroar|Incineroar, L50, M|22/100
|-ability|p1a: Incineroar|Intimidate|boost
|-unboost|p2a: Pelipper|atk|1
|-unboost|p2b: Archaludon|atk|1
|move|p1b: Urshifu|Close Combat|p2b: Archaludon
|-supereffective|p2b: Archaludon
|-damage|p2b: Archaludon|3/100
|-unboost|p1b: Urshifu|def|1
|-unboost|p1b: Urshifu|spd|1
|-damage|p1b: Urshifu|84/100|[from] item: Rocky Helmet|[of] p2b: Archaludon
|-ability|p2b: Archaludon|Stamina|boost
|-boost|p2b: Archaludon|def|1
|move|p2b: Archaludon|Electro Shot||[still]
|-prepare|p2b: Archaludon|Electro Shot
|-boost|p2b: Archaludon|spa|1
|-anim|p2b: Archaludon|Electro Shot|p1b: Urshifu
|-supereffective|p1b: Urshifu
|-damage|p1b: Urshifu|0 fnt
|faint|p1b: Urshifu
|move|p2a: Pelipper|U-turn|p1a: Incineroar
|-damage|p1a: Incineroar|18/100
|
|t:|1740509672
|switch|p2a: Vaporeon|Vaporeon, L50, M, shiny|100/100|[from] U-turn
|
|-weather|RainDance|[upkeep]
|upkeep
|
|t:|1740509681
|switch|p1b: Farigiraf|Farigiraf, L50, M|42/100
|turn|4
|inactive|A-jsis has 30 seconds left.
|
|t:|1740509710
|move|p1a: Incineroar|Fake Out|p2b: Archaludon
|-resisted|p2b: Archaludon
|-damage|p2b: Archaludon|1/100
|-damage|p1a: Incineroar|2/100|[from] item: Rocky Helmet|[of] p2b: Archaludon
|-ability|p2b: Archaludon|Stamina|boost
|-boost|p2b: Archaludon|def|1
|cant|p2b: Archaludon|flinch
|move|p2a: Vaporeon|Yawn|p1b: Farigiraf
|-start|p1b: Farigiraf|move: Yawn|[of] p2a: Vaporeon
|move|p1b: Farigiraf|Hyper Voice|p2a: Vaporeon|[spread] p2a,p2b
|-resisted|p2b: Archaludon
|-damage|p2a: Vaporeon|83/100
|-damage|p2b: Archaludon|0 fnt
|faint|p2b: Archaludon
|
|-weather|RainDance|[upkeep]
|-heal|p2a: Vaporeon|89/100|[from] item: Leftovers
|upkeep
|
|t:|1740509722
|switch|p2b: Calyrex|Calyrex-Shadow, L50|100/100
|-ability|p2b: Calyrex|As One
|-ability|p2b: Calyrex|Unnerve
|turn|5
|inactive|Mojanf has 30 seconds left.
|
|t:|1740509753
|move|p1a: Incineroar|Helping Hand|p1b: Farigiraf
|-singleturn|p1b: Farigiraf|Helping Hand|[of] p1a: Incineroar
|move|p2b: Calyrex|Astral Barrage|p1a: Incineroar|[spread] p1a
|-immune|p1b: Farigiraf
|-resisted|p1a: Incineroar
|-damage|p1a: Incineroar|0 fnt
|faint|p1a: Incineroar
|-ability|p2b: Calyrex|Grim Neigh|boost
|-boost|p2b: Calyrex|spa|1
|-damage|p2b: Calyrex|91/100|[from] item: Life Orb
|move|p2a: Vaporeon|Shadow Ball|p1b: Farigiraf
|-immune|p1b: Farigiraf
|move|p1b: Farigiraf|Psychic|p2a: Vaporeon
|-damage|p2a: Vaporeon|53/100
|
|-weather|none
|-heal|p2a: Vaporeon|59/100|[from] item: Leftovers
|-end|p1b: Farigiraf|move: Yawn|[silent]
|-status|p1b: Farigiraf|slp
|upkeep
|
|t:|1740509774
|switch|p1a: Calyrex|Calyrex-Shadow, L50|100/100
|-ability|p1a: Calyrex|As One
|-ability|p1a: Calyrex|Unnerve
|turn|6
|
|t:|1740509795
|-terastallize|p1a: Calyrex|Water
|cant|p1b: Farigiraf|slp
|move|p2b: Calyrex|Astral Barrage|p1a: Calyrex|[spread] p1a
|-immune|p1b: Farigiraf
|-damage|p1a: Calyrex|9/100
|-damage|p2b: Calyrex|81/100|[from] item: Life Orb
|move|p1a: Calyrex|Astral Barrage|p2a: Vaporeon|[spread] p2a,p2b
|-supereffective|p2b: Calyrex
|-damage|p2a: Vaporeon|30/100
|-damage|p2b: Calyrex|0 fnt
|faint|p2b: Calyrex
|-ability|p1a: Calyrex|Grim Neigh|boost
|-boost|p1a: Calyrex|spa|1
|move|p2a: Vaporeon|Shadow Ball|p1a: Calyrex
|-damage|p1a: Calyrex|0 fnt
|faint|p1a: Calyrex
|
|-heal|p2a: Vaporeon|36/100|[from] item: Leftovers
|upkeep
|
|t:|1740509808
|switch|p2b: Pelipper|Pelipper, L50, F, shiny|48/100
|-weather|RainDance|[from] ability: Drizzle|[of] p2b: Pelipper
|turn|7
|inactive|Mojanf has 30 seconds left.
|inactive|Mojanf has 20 seconds left.
|
|t:|1740509844
|move|p2a: Vaporeon|Yawn||[still]
|-fail|p2a: Vaporeon
|move|p2b: Pelipper|Hurricane|p1b: Farigiraf
|-damage|p1b: Farigiraf|9/100 slp
|-start|p1b: Farigiraf|confusion
|-curestatus|p1b: Farigiraf|slp|[msg]
|-activate|p1b: Farigiraf|confusion
|-damage|p1b: Farigiraf|2/100|[from] confusion
|
|-weather|RainDance|[upkeep]
|-heal|p2a: Vaporeon|41/100|[from] item: Leftovers
|upkeep
|turn|8
|-message|Mojanf forfeited.
|
|win|A-jsis
|raw|Mojanf's rating: 1137 &rarr; <strong>1106</strong><br />(-31 for losing)
|raw|A-jsis's rating: 1059 &rarr; <strong>1097</strong><br />(+38 for winning)
|l|☆Mojanf
|player|p1|
|l|☆A-jsis
|player|p2|
