|j|☆Masonia
|j|☆UneCourgettte
|html|<table width="100%"><tr><td align="left">Masonia</td><td align="right">UneCourgettte</tr><tr><td align="left"><i class="fa fa-circle-o"></i> <i class="fa fa-circle-o"></i> </td><td align="right"><i class="fa fa-circle-o"></i> <i class="fa fa-circle-o"></i> </tr></table>
|uhtml|bestof|<h2><strong>Game 1</strong> of <a href="/game-bestof3-gen9vgc2025reggbo3-2307755552">a best-of-3</a></h2>
|t:|1740509954
|gametype|doubles
|player|p1|Masonia|2|1175
|player|p2|UneCourgettte|169|1092
|teamsize|p1|6
|teamsize|p2|6
|gen|9
|tier|[Gen 9] VGC 2025 Reg G (Bo3)
|rated|
|rule|Species Clause: Limit one of each Pokémon
|rule|Item Clause: Limit 1 of each item
|clearpoke
|poke|p1|Scream Tail, L50|
|poke|p1|Gothitelle, L50, M|
|poke|p1|Miraidon, L50|
|poke|p1|Incineroar, L50, F|
|poke|p1|Amoonguss, L50, F|
|poke|p1|Ogerpon-Wellspring, L50, F|
|poke|p2|Ting-Lu, L50|
|poke|p2|Amoonguss, L50, M|
|poke|p2|Eternatus, L50|
|poke|p2|Incineroar, L50, F|
|poke|p2|Rillaboom, L50, M|
|poke|p2|Bronzong, L50|
|teampreview|4
|showteam|p1|Scream Tail||BoosterEnergy|Protosynthesis|Protect,Disable,Encore,PerishSong||||||50|,,,,,Dark]Gothitelle||SitrusBerry|ShadowTag|Protect,TrickRoom,FakeOut,Endure|||M|||50|,,,,,Fairy]Miraidon||ChoiceSpecs|HadronEngine|VoltSwitch,DazzlingGleam,ElectroDrift,DracoMeteor||||||50|,,,,,Electric]Incineroar||AssaultVest|Intimidate|FakeOut,Uturn,KnockOff,FlareBlitz|||F|||50|,,,,,Dragon]Amoonguss||MentalHerb|Regenerator|Protect,RagePowder,SludgeBomb,Spore|||F|||50|,,,,,Water]Ogerpon-Wellspring||WellspringMask|WaterAbsorb|IvyCudgel,WoodHammer,SpikyShield,FollowMe|||F|||50|,,,,,Water
|showteam|p2|Ting-Lu||SafetyGoggles|VesselofRuin|SandTomb,Snarl,Ruination,Protect||||||50|,,,,,Poison]Amoonguss||RockyHelmet|Regenerator|PollenPuff,Spore,Protect,RagePowder|||M|||50|,,,,,Water]Eternatus||Leftovers|Pressure|Toxic,FireSpin,Recover,CosmicPower||||||50|,,,,,Fairy]Incineroar||SitrusBerry|Intimidate|FlareBlitz,Protect,PartingShot,FakeOut|||F|||50|,,,,,Ghost]Rillaboom||AssaultVest|GrassySurge|GrassyGlide,FakeOut,LowKick,Uturn|||M|||50|,,,,,Fire]Bronzong||CovertCloak|Levitate|BodyPress,HeavySlam,IronDefense,TrickRoom||||||50|,,,,,Water
|inactive|Battle timer is ON: inactive players will automatically lose when time's up. (requested by Masonia)
|inactive|UneCourgettte also wants the timer to be on.
|inactive|UneCourgettte has 60 seconds left.
|l|☆Masonia
|inactive|Masonia disconnected and has a minute to reconnect!
|player|p1|
|j|☆Masonia
|inactive|Masonia reconnected.
|player|p1|Masonia|2|
|inactive|UneCourgettte has 30 seconds left.
|inactive|UneCourgettte has 20 seconds left.
|inactive|UneCourgettte has 15 seconds left.
|
|t:|1740510097
|start
|switch|p1a: Miraidon|Miraidon, L50|100/100
|switch|p1b: Scream Tail|Scream Tail, L50|100/100
|switch|p2a: Ting-Lu|Ting-Lu, L50|100/100
|switch|p2b: Eternatus|Eternatus, L50|100/100
|-fieldstart|move: Electric Terrain|[from] ability: Hadron Engine|[of] p1a: Miraidon
|-ability|p2b: Eternatus|Pressure
|-ability|p2a: Ting-Lu|Vessel of Ruin
|-enditem|p1b: Scream Tail|Booster Energy
|-activate|p1b: Scream Tail|ability: Protosynthesis|[fromitem]
|-start|p1b: Scream Tail|protosynthesisspe
|turn|1
|inactive|UneCourgettte has 30 seconds left.
|inactive|UneCourgettte has 20 seconds left.
|
|t:|1740510135
|switch|p2b: Rillaboom|Rillaboom, L50, M|100/100
|-fieldstart|move: Grassy Terrain|[from] ability: Grassy Surge|[of] p2b: Rillaboom
|move|p1b: Scream Tail|Perish Song|p1b: Scream Tail
|-start|p1a: Miraidon|perish3|[silent]
|-start|p1b: Scream Tail|perish3|[silent]
|-start|p2a: Ting-Lu|perish3|[silent]
|-start|p2b: Rillaboom|perish3|[silent]
|-fieldactivate|move: Perish Song
|move|p1a: Miraidon|Volt Switch|p2b: Rillaboom
|-resisted|p2b: Rillaboom
|-damage|p2b: Rillaboom|86/100
|
|t:|1740510143
|switch|p1a: Gothitelle|Gothitelle, L50, M|100/100|[from] Volt Switch
|move|p2a: Ting-Lu|Sand Tomb|p1b: Scream Tail
|-damage|p1b: Scream Tail|91/100
|-activate|p1b: Scream Tail|move: Sand Tomb|[of] p2a: Ting-Lu
|
|-heal|p1b: Scream Tail|97/100|[from] Grassy Terrain
|-heal|p2b: Rillaboom|92/100|[from] Grassy Terrain
|-damage|p1b: Scream Tail|85/100|[from] move: Sand Tomb|[partiallytrapped]
|-start|p1b: Scream Tail|perish3
|-start|p2b: Rillaboom|perish3
|-start|p2a: Ting-Lu|perish3
|upkeep
|turn|2
|inactive|UneCourgettte has 30 seconds left.
|
|t:|1740510169
|move|p1b: Scream Tail|Protect|p1b: Scream Tail
|-singleturn|p1b: Scream Tail|Protect
|move|p1a: Gothitelle|Protect|p1a: Gothitelle
|-singleturn|p1a: Gothitelle|Protect
|move|p2b: Rillaboom|U-turn|p1a: Gothitelle
|-activate|p1a: Gothitelle|move: Protect
|move|p2a: Ting-Lu|Ruination|p1a: Gothitelle
|-activate|p1a: Gothitelle|move: Protect
|
|-heal|p1b: Scream Tail|91/100|[from] Grassy Terrain
|-heal|p2b: Rillaboom|98/100|[from] Grassy Terrain
|-damage|p1b: Scream Tail|79/100|[from] move: Sand Tomb|[partiallytrapped]
|-start|p1b: Scream Tail|perish2
|-start|p2b: Rillaboom|perish2
|-start|p2a: Ting-Lu|perish2
|upkeep
|turn|3
|
|t:|1740510188
|move|p1a: Gothitelle|Protect|p1a: Gothitelle
|-singleturn|p1a: Gothitelle|Protect
|move|p2b: Rillaboom|Grassy Glide|p1a: Gothitelle
|-activate|p1a: Gothitelle|move: Protect
|move|p1b: Scream Tail|Disable|p2b: Rillaboom
|-start|p2b: Rillaboom|Disable|Grassy Glide
|move|p2a: Ting-Lu|Ruination|p1a: Gothitelle
|-activate|p1a: Gothitelle|move: Protect
|
|-heal|p1b: Scream Tail|84/100|[from] Grassy Terrain
|-heal|p2b: Rillaboom|100/100|[from] Grassy Terrain
|-damage|p1b: Scream Tail|72/100|[from] move: Sand Tomb|[partiallytrapped]
|-start|p1b: Scream Tail|perish1
|-start|p2b: Rillaboom|perish1
|-start|p2a: Ting-Lu|perish1
|upkeep
|turn|4
|
|t:|1740510207
|switch|p1a: Incineroar|Incineroar, L50, F|100/100
|-ability|p1a: Incineroar|Intimidate|boost
|-unboost|p2a: Ting-Lu|atk|1
|-unboost|p2b: Rillaboom|atk|1
|move|p1b: Scream Tail|Encore|p2b: Rillaboom
|-start|p2b: Rillaboom|Encore
|cant|p2b: Rillaboom|Disable|Grassy Glide
|move|p2a: Ting-Lu|Ruination|p1a: Incineroar
|-damage|p1a: Incineroar|50/100
|
|-heal|p1b: Scream Tail|78/100|[from] Grassy Terrain
|-heal|p1a: Incineroar|56/100|[from] Grassy Terrain
|-damage|p1b: Scream Tail|66/100|[from] move: Sand Tomb|[partiallytrapped]
|-start|p1b: Scream Tail|perish0
|-start|p2b: Rillaboom|perish0
|-start|p2a: Ting-Lu|perish0
|faint|p1b: Scream Tail
|-end|p1b: Scream Tail|Protosynthesis|[silent]
|faint|p2b: Rillaboom
|faint|p2a: Ting-Lu
|upkeep
|
|t:|1740510225
|switch|p1b: Miraidon|Miraidon, L50|100/100
|switch|p2b: Eternatus|Eternatus, L50|100/100
|switch|p2a: Incineroar|Incineroar, L50, F|100/100
|-fieldstart|move: Electric Terrain|[from] ability: Hadron Engine|[of] p1b: Miraidon
|-ability|p2b: Eternatus|Pressure
|-ability|p2a: Incineroar|Intimidate|boost
|-unboost|p1a: Incineroar|atk|1
|-unboost|p1b: Miraidon|atk|1
|turn|5
|inactive|UneCourgettte has 30 seconds left.
|inactive|UneCourgettte has 20 seconds left.
|inactive|UneCourgettte has 15 seconds left.
|inactive|UneCourgettte has 10 seconds left.
|inactive|UneCourgettte has 5 seconds left.
|
|t:|1740510278
|-terastallize|p1b: Miraidon|Electric
|move|p1a: Incineroar|Fake Out|p2b: Eternatus
|-damage|p2b: Eternatus|96/100
|move|p2a: Incineroar|Fake Out|p1b: Miraidon
|-damage|p1b: Miraidon|90/100
|cant|p1b: Miraidon|flinch
|cant|p2b: Eternatus|flinch
|
|-heal|p2b: Eternatus|100/100|[from] item: Leftovers
|upkeep
|turn|6
|
|t:|1740510303
|move|p2a: Incineroar|Protect|p2a: Incineroar
|-singleturn|p2a: Incineroar|Protect
|move|p1b: Miraidon|Electro Drift|p2a: Incineroar
|-activate|p2a: Incineroar|move: Protect
|move|p2b: Eternatus|Cosmic Power|p2b: Eternatus
|-boost|p2b: Eternatus|def|1
|-boost|p2b: Eternatus|spd|1
|move|p1a: Incineroar|Knock Off|p2b: Eternatus
|-damage|p2b: Eternatus|89/100
|-enditem|p2b: Eternatus|Leftovers|[from] move: Knock Off|[of] p1a: Incineroar
|
|upkeep
|turn|7
|
|t:|1740510324
|move|p1b: Miraidon|Electro Drift|p2a: Incineroar
|-damage|p2a: Incineroar|0 fnt
|faint|p2a: Incineroar
|move|p2b: Eternatus|Fire Spin|p1b: Miraidon
|-damage|p1b: Miraidon|80/100
|-activate|p1b: Miraidon|move: Fire Spin|[of] p2b: Eternatus
|move|p1a: Incineroar|U-turn|p2b: Eternatus
|-resisted|p2b: Eternatus
|-damage|p2b: Eternatus|86/100
|
|t:|1740510329
|switch|p1a: Gothitelle|Gothitelle, L50, M|100/100|[from] U-turn
|
|-damage|p1b: Miraidon|68/100|[from] move: Fire Spin|[partiallytrapped]
|upkeep
|turn|8
|
|t:|1740510337
|move|p1a: Gothitelle|Fake Out|p2b: Eternatus
|-damage|p2b: Eternatus|84/100
|move|p1b: Miraidon|Electro Drift|p2b: Eternatus
|-resisted|p2b: Eternatus
|-damage|p2b: Eternatus|44/100
|cant|p2b: Eternatus|flinch
|
|-damage|p1b: Miraidon|57/100|[from] move: Fire Spin|[partiallytrapped]
|upkeep
|turn|9
|
|t:|1740510345
|switch|p1a: Incineroar|Incineroar, L50, F|56/100
|-ability|p1a: Incineroar|Intimidate|boost
|-unboost|p2b: Eternatus|atk|1
|move|p1b: Miraidon|Electro Drift|p2b: Eternatus
|-resisted|p2b: Eternatus
|-damage|p2b: Eternatus|5/100
|move|p2b: Eternatus|Recover|p2b: Eternatus
|-heal|p2b: Eternatus|55/100
|
|-damage|p1b: Miraidon|44/100|[from] move: Fire Spin|[partiallytrapped]
|-fieldend|move: Electric Terrain
|upkeep
|turn|10
|
|t:|1740510357
|move|p1a: Incineroar|Fake Out|p2b: Eternatus
|-damage|p2b: Eternatus|50/100
|move|p1b: Miraidon|Electro Drift|p2b: Eternatus
|-resisted|p2b: Eternatus
|-damage|p2b: Eternatus|26/100
|cant|p2b: Eternatus|flinch
|
|-damage|p1b: Miraidon|32/100|[from] move: Fire Spin|[partiallytrapped]
|upkeep
|turn|11
|
|t:|1740510372
|-activate|p1b: Miraidon|move: Struggle
|move|p1b: Miraidon|Struggle|p2b: Eternatus
|-damage|p2b: Eternatus|23/100
|-damage|p1b: Miraidon|7/100|[from] recoil
|move|p2b: Eternatus|Recover|p2b: Eternatus
|-heal|p2b: Eternatus|73/100
|move|p1a: Incineroar|U-turn|p2b: Eternatus
|-resisted|p2b: Eternatus
|-damage|p2b: Eternatus|69/100
|
|t:|1740510376
|switch|p1a: Gothitelle|Gothitelle, L50, M|100/100|[from] U-turn
|
|-damage|p1b: Miraidon|0 fnt|[from] move: Fire Spin|[partiallytrapped]
|faint|p1b: Miraidon
|upkeep
|
|t:|1740510377
|switch|p1b: Incineroar|Incineroar, L50, F|56/100
|-ability|p1b: Incineroar|Intimidate|boost
|-unboost|p2b: Eternatus|atk|1
|turn|12
|
|t:|1740510396
|move|p2b: Eternatus|Cosmic Power|p2b: Eternatus
|-boost|p2b: Eternatus|def|1
|-boost|p2b: Eternatus|spd|1
|move|p1b: Incineroar|Flare Blitz|p2b: Eternatus
|-resisted|p2b: Eternatus
|-damage|p2b: Eternatus|62/100
|-damage|p1b: Incineroar|53/100|[from] Recoil
|move|p1a: Gothitelle|Trick Room|p1a: Gothitelle
|-fieldstart|move: Trick Room|[of] p1a: Gothitelle
|
|upkeep
|turn|13
|
|t:|1740510408
|move|p1a: Gothitelle|Protect|p1a: Gothitelle
|-singleturn|p1a: Gothitelle|Protect
|move|p1b: Incineroar|Flare Blitz|p2b: Eternatus
|-resisted|p2b: Eternatus
|-damage|p2b: Eternatus|54/100
|-damage|p1b: Incineroar|49/100|[from] Recoil
|move|p2b: Eternatus|Recover|p2b: Eternatus
|-heal|p2b: Eternatus|100/100
|
|upkeep
|turn|14
|-message|Masonia forfeited.
|raw|Masonia's rating: 1175 &rarr; <strong>1144</strong><br />(-31 for losing)
|raw|UneCourgettte's rating: 1092 &rarr; <strong>1124</strong><br />(+32 for winning)
|
|win|UneCourgettte
