|j|☆Narwhalnut
|j|☆ikthisisabadteam
|t:|1740509981
|gametype|doubles
|player|p1|Narwhalnut|266|1070
|player|p2|ikthisisabadteam|101|1000
|teamsize|p1|6
|teamsize|p2|6
|gen|9
|tier|[Gen 9] VGC 2025 Reg G
|rated|
|rule|Species Clause: Limit one of each Pokémon
|rule|Item Clause: Limit 1 of each item
|clearpoke
|poke|p1|Volcarona, L50, F|
|poke|p1|Dudunsparce-*, L50, M|
|poke|p1|Araquanid, L50, M|
|poke|p1|Ceruledge, L50, F|
|poke|p1|Froslass, L50, F|
|poke|p1|Golurk, L50|
|poke|p2|Magikarp, L50, M|
|poke|p2|Annihilape, L50, M|
|poke|p2|Whimsicott, L50, M|
|poke|p2|Ursaluna, L50, M|
|poke|p2|Sableye, L50, M|
|poke|p2|Clefable, L50, M|
|teampreview|4
|
|t:|1740510018
|start
|switch|p1a: Volcarona|Volcarona, L50, F|100/100
|switch|p1b: Dudunsparce|Dudunsparce-Three-Segment, L50, M|100/100
|switch|p2a: Ursaluna|Ursaluna, L50, M|100/100
|switch|p2b: Sableye|Sableye, L50, M|100/100
|turn|1
|
|t:|1740510046
|-terastallize|p2a: Ursaluna|Normal
|move|p2b: Sableye|Will-O-Wisp|p2a: Ursaluna|[miss]
|-miss|p2b: Sableye|p2a: Ursaluna
|move|p2a: Ursaluna|Facade|p1a: Volcarona
|-damage|p1a: Volcarona|19/100
|move|p1a: Volcarona|Fiery Dance|p2b: Sableye
|-damage|p2b: Sableye|33/100
|-boost|p1a: Volcarona|spa|1
|move|p1b: Dudunsparce|Coil|p1b: Dudunsparce
|-boost|p1b: Dudunsparce|atk|1
|-boost|p1b: Dudunsparce|def|1
|-boost|p1b: Dudunsparce|accuracy|1
|
|upkeep
|turn|2
|
|t:|1740510079
|move|p2b: Sableye|Will-O-Wisp|p2a: Ursaluna
|-status|p2a: Ursaluna|brn
|move|p2a: Ursaluna|Facade|p1a: Volcarona
|-damage|p1a: Volcarona|0 fnt
|faint|p1a: Volcarona
|move|p1b: Dudunsparce|Coil|p1b: Dudunsparce
|-boost|p1b: Dudunsparce|atk|1
|-boost|p1b: Dudunsparce|def|1
|-boost|p1b: Dudunsparce|accuracy|1
|
|-damage|p2a: Ursaluna|95/100 brn|[from] brn
|upkeep
|
|t:|1740510093
|switch|p1a: Gugluglubgubug|Araquanid, L50, M|100/100
|turn|3
|
|t:|1740510109
|move|p1a: Gugluglubgubug|Protect|p1a: Gugluglubgubug
|-singleturn|p1a: Gugluglubgubug|Protect
|move|p2b: Sableye|Will-O-Wisp|p1b: Dudunsparce
|-status|p1b: Dudunsparce|brn
|move|p2a: Ursaluna|Facade|p1a: Gugluglubgubug
|-activate|p1a: Gugluglubgubug|move: Protect
|move|p1b: Dudunsparce|Baton Pass|p1b: Dudunsparce
|
|t:|1740510117
|switch|p1b: Ceruledge|Ceruledge, L50, F|100/100|[from] Baton Pass
|
|-damage|p2a: Ursaluna|89/100 brn|[from] brn
|upkeep
|turn|4
|
|t:|1740510144
|move|p2a: Ursaluna|Facade|p1a: Gugluglubgubug
|-damage|p1a: Gugluglubgubug|0 fnt
|faint|p1a: Gugluglubgubug
|move|p1b: Ceruledge|Close Combat|p2a: Ursaluna
|-supereffective|p2a: Ursaluna
|-damage|p2a: Ursaluna|0 fnt
|-unboost|p1b: Ceruledge|def|1
|-unboost|p1b: Ceruledge|spd|1
|faint|p2a: Ursaluna
|move|p2b: Sableye|Foul Play|p1b: Ceruledge
|-supereffective|p1b: Ceruledge
|-enditem|p1b: Ceruledge|Focus Sash
|-damage|p1b: Ceruledge|1/100
|
|upkeep
|
|t:|1740510163
|switch|p2a: Whimsicott|Whimsicott, L50, M|100/100
|switch|p1a: Dudunsparce|Dudunsparce-Three-Segment, L50, M|100/100 brn
|turn|5
|
|t:|1740510182
|-terastallize|p1b: Ceruledge|Ghost
|move|p2a: Whimsicott|Protect|p2a: Whimsicott
|-singleturn|p2a: Whimsicott|Protect
|move|p1b: Ceruledge|Shadow Sneak|p2a: Whimsicott
|-activate|p2a: Whimsicott|move: Protect
|move|p1a: Dudunsparce|Coil|p1a: Dudunsparce
|-boost|p1a: Dudunsparce|atk|1
|-boost|p1a: Dudunsparce|def|1
|-boost|p1a: Dudunsparce|accuracy|1
|move|p2b: Sableye|Foul Play|p1b: Ceruledge
|-supereffective|p1b: Ceruledge
|-damage|p1b: Ceruledge|0 fnt
|faint|p1b: Ceruledge
|
|-damage|p1a: Dudunsparce|94/100 brn|[from] brn
|upkeep
|turn|6
|
|t:|1740510198
|move|p2a: Whimsicott|Encore|p1a: Dudunsparce
|-start|p1a: Dudunsparce|Encore
|move|p2b: Sableye|Taunt|p1a: Dudunsparce
|-start|p1a: Dudunsparce|move: Taunt
|cant|p1a: Dudunsparce|move: Taunt|Coil
|
|-heal|p1a: Dudunsparce|100/100 brn|[from] item: Leftovers
|-damage|p1a: Dudunsparce|94/100 brn|[from] brn
|upkeep
|turn|7
|
|t:|1740510219
|move|p2a: Whimsicott|Tailwind|p2a: Whimsicott
|-sidestart|p2: ikthisisabadteam|move: Tailwind
|move|p2b: Sableye|Foul Play|p1a: Dudunsparce
|-damage|p1a: Dudunsparce|67/100 brn
|-ability|p1a: Dudunsparce|Rattled|boost
|-boost|p1a: Dudunsparce|spe|1
|-activate|p1a: Dudunsparce|move: Struggle
|move|p1a: Dudunsparce|Struggle|p2a: Whimsicott
|-damage|p2a: Whimsicott|92/100
|-damage|p1a: Dudunsparce|50/100 brn|[from] item: Rocky Helmet|[of] p2a: Whimsicott
|-damage|p1a: Dudunsparce|25/100 brn|[from] recoil
|
|-heal|p1a: Dudunsparce|32/100 brn|[from] item: Leftovers
|-damage|p1a: Dudunsparce|25/100 brn|[from] brn
|upkeep
|turn|8
|-message|Narwhalnut forfeited.
|
|win|ikthisisabadteam
|raw|Narwhalnut's rating: 1070 &rarr; <strong>1045</strong><br />(-25 for losing)
|raw|ikthisisabadteam's rating: 1000 &rarr; <strong>1048</strong><br />(+48 for winning)
|l|☆Narwhalnut
|player|p1|
